4300 5684
973 315 1001 392 6

797 522 866 606 §L
909 522 960 585 Do
975 522 1179 605 pontonem.

278 676 369 759 Apud
390 675 536 757 populum
559 693 723 754 quemque,
745 675 799 754 qut
827 694 931 736 rerum
955 677 1056 758 pretio
1081 675 1215 737 metallis
1242 675 1380 752 metitur,
1400 692 1466 736 mos
1487 675 1603 738 metelli
1627 676 1782 758 pendendi

192 850 283 909 quum
295 847 333 890 ex
350 845 388 888 eo
408 845 516 888 numos
531 825 665 887 oudendt
682 826 769 906 prior
785 825 855 887 fuit.
897 825 1099 889 Hebraeorum
1115 823 1194 920 bQ,
1218 826 1400 889 Groeoorum
1420 828 1564 908 Δραχμη,
1576 827 1782 890 Romanorum

193 981 241 1039 As
264 979 395 1059 primum
412 978 492 1040 oerti
510 977 657 1058 ponderis
679 979 756 1052 eret,
774 980 884 1056 postes
904 976 1030 1038 tondem
1050 981 1183 1038 monetae
1204 977 1287 1038 iooto
1312 982 1363 1038 est
1389 977 1607 1040 denominatio.
1672 978 1782 1040 Itidem

191 1132 224 1192 iu
245 1129 381 1210 Europe
404 1128 580 1190 oiritotibus
608 1128 833 1192 recentioribus
861 1128 984 1188 nomios
1009 1127 1180 1208 ponderum
1208 1123 1307 1188 Libra
1333 1125 1453 1208 (litore,
1478 1127 1606 1208 Pound)
1633 1134 1665 1190 et
1688 1127 1783 1191 Mart

191 1280 231 1342 ed
250 1285 370 1342 eertum
388 1297 550 1340 rumorum
571 1298 732 1340 numerum
745 1277 941 1340 indicendum
964 1279 1165 1340 transierunt.
1207 1278 1243 1340 Si
1264 1280 1333 1358 quis
1354 1280 1459 1360 itrque
1479 1285 1611 1342 monete
1631 1281 1782 1342 rutionem

191 1431 298 1512 populi
323 1430 485 1513 cujusdem
515 1429 645 1492 detinire
674 1429 768 1504 volet,
798 1429 930 1516 primum
966 1429 1115 1510 ponderis
1144 1429 1286 1512 ejusdem
1316 1431 1466 1493 notionem
1498 1435 1710 1512 perscrutatus
1742 1434 1783 1494 sit

191 1601 321 1644 neeesse
344 1587 403 1644 est.

278 1733 312 1794 iu
334 1733 488 1815 Norvegin
508 1731 629 1814 pondus
649 1731 897 1811 uotiquissimum
917 1730 962 1792 its
981 1736 1048 1792 erut
1066 1731 1285 1793 coustitutum:

600 1883 618 1944 l
640 1901 742 1944 morou
759 1879 875 1962 (mdrk)
892 1899 941 1939 ε.-
957 1881 980 1942 8
1000 1899 1063 1942 orae
1084 1879 1202 1963 (suren)

600 2034 619 2094 1
643 2051 697 2094 ιιι
716 2030 829 2114 (eyrir)
891 2051 940 2092 =
959 2032 982 2094 d
1003 2035 1121 2114 iirtugte
1142 2029 1295 2114 (drtugsr)

600 2184 619 2244 l
641 2185 750 2264 brtuge
891 2201 941 2242 =
961 2184 1002 2244 lo
1022 2183 1141 2245 deuerti
1159 2181 1373 2266 (peningur)*.

273 2336 350 2415 Quae
367 2335 452 2395 inter
472 2332 533 2395 hoo
554 2334 676 2416 pondus
696 2335 855 2414 antiquum
880 2340 912 2396 et
937 2335 980 2410 id,
1004 2353 1065 2414 quo
1090 2334 1184 2396 hodie
1207 2335 1335 2411 utimur,
1358 2334 1571 2396 intercesserit
1596 2337 1686 2414 rutio,
1710 2357 1781 2414 nou,

191 2487 276 2568 quod
293 2487 397 2562 scium,
423 2492 494 2548 unte
525 2487 744 2567 investigatum
764 2490 823 2562 est,
848 2505 939 2566 quom
960 2486 1038 2548 libro
1060 2486 1162 2549 bilanx
1185 2505 1317 2548 unorum
1340 2486 1448 2548 deoem
1472 2486 1659 2566 ponderibus
1687 2491 1782 2550 reneis

191 2641 224 2700 iu
246 2639 412 2719 sepulcrali
435 2638 553 2698 tumulo
571 2637 723 2720 gentiliiu
745 2637 862 2717 predio
881 2639 1016 2720 regionis
1036 2637 1200 2718 Ringerige
1219 2637 1333 2698 Brtten
1354 2637 1438 2699 dioto
1460 2656 1538 2699 sono
1557 2637 1639 2700 18²5
1658 2646 1782 2721 reporto

190 2797 249 2852 est.
291 2790 350 2850 His
373 2787 479 2848 deoem
502 2788 692 2868 ponderibus
711 2806 842 2848 unuoum
865 2790 1000 2868 quinque
1021 2790 1101 2866 eliis,
1120 2807 1189 2869 quse
1210 2789 1243 2849 iu
1261 2806 1369 2850 museo
1387 2789 1473 2869 regio
1493 2790 1660 2852 Huvuienei
1680 2811 1781 2852 usser-

190 2948 311 3016 vrutor,
334 2940 451 3000 trutino
476 2940 656 3000 examinetis
678 2942 711 3000 et
736 2957 805 3000 uum
830 2940 969 3018 pertibus
996 2939 1085 3002 librae
1110 2939 1305 3001 Coloniensis
1327 2941 1521 3020 comparetis,
1544 2941 1701 3004 inventum
1722 2949 1781 3019 est,

191 3113 275 3156 orum
298 3097 436 3152 veterem
453 3090 665 3170 Norvegorum
685 3090 769 3152 7488
789 3090 1052 3172 Riobtpt'enninge
1073 3091 1219 3174 (quorum
1238 3090 1378 3152 4⁰06:
1390 3093 1545 3154 semunoio
1566 3089 1692 3175 (tolon.)
1712 3113 1781 3157 esre

191 3244 340 3324 aequutem
352 3242 385 3322 †.
447 3241 482 3302 Si
508 3243 613 3320 itaque
637 3246 811 3302 ceterorum
837 3242 1008 3322 ponderum
1025 3243 1227 3332 uentiquorum
1257 3241 1352 3304 Norv.
1372 3261 1441 3304 oum
1460 3243 1649 3323 ponderibus
1671 3244 1780 3308 Goion.

191 3395 451 3476 comparutionem
473 3394 712 3470 instituerimus,
729 3394 922 3455 inveniemus

192 3625 413 3637 m

222 3788 237 3814 ⁴*
254 3789 284 3840 ln
301 3787 393 3839 Sveoin
412 3792 438 3840 et
465 3787 549 3840 Deoia
575 3784 674 3852 druogo
698 3783 842 3840 distributio
864 3789 890 3840 iu
915 3785 1034 3842 denarios
1058 3803 1109 3842 nou
1133 3802 1234 3854 semper
1254 3785 1345 3840 endem
1373 3787 1450 3839 tuisse
1472 3786 1578 3840 videtur.
1598 3787 1649 3840 Cfr.
1667 3787 1781 3841 Nordisk

257 3887 396 3942 Tidsskrist
411 3887 452 3940 ior
468 3885 678 3955 Otdkyodighed,
695 3889 728 3942 T.
748 3889 768 3941 1.
789 3907 814 3957 p.
832 3893 892 3957 401,
911 3897 938 3942 et
956 3889 1126 3956 Hildebrsnd,
1144 3918 1177 3927 -
1194 3888 1384 3956 Uppiyeningur
1405 3890 1433 3942 tit
1451 3891 1569 3955 Sverigeo
1592 3887 1782 3957 Myntbistorie,

257 4008 281 4058 p.
300 3993 341 4046 24.
381 3991 411 4042 In
429 3991 562 4055 Norvegin
578 3990 648 4044 notin
665 3989 850 4046 distributionis
866 3993 975 4046 venetio
993 3988 1055 4044 mibi
1075 3997 1138 4044 noto
1154 3999 1192 4044 est
1208 4006 1256 4044 uec
1275 3993 1329 4044 veri
1345 3993 1435 4060 simile,
1451 3992 1529 4044 tdem
1548 4007 1662 4059 uuquum
1683 3993 1710 4046 in
1735 4009 1781 4046 usu

257 4095 341 4146 tuisse.
381 4093 451 4146 Νιιιι
471 4091 625 4160 distributio,
641 4109 719 4161 quum
733 4095 817 4162 attuli,
834 4095 901 4164 iege,
920 4111 966 4164 per
978 4094 1065 4148 secudu
1082 4090 1153 4146 houd
1171 4099 1279 4162 moute,
1295 4095 1394 4148 suudte
1410 4099 1474 4148 erut
1508 4093 1560 4148 Cir.
1578 4092 1782 4162 Bjurkderetteu,

257 4211 313 4262 esp.
326 4194 435 4262 LXVII,
451 4195 478 4246 in
494 4196 572 4259 Ριιιι,
588 4196 704 4262 Somiing
720 4196 750 4248 ut
763 4198 849 4263 gumie
868 4198 962 4250 uorske
981 4196 1061 4252 Loro.

223 4297 311 4363 †ctr.
333 4295 449 4349 Nordisk
466 4295 605 4349 Tidmkntt
620 4298 637 4350 l.
654 4314 677 4352 o.
712 4297 814 4352 Louoes
833 4315 944 4354 uuuoum
970 4297 1061 4352 deoem
1080 4298 1236 4366 ponderibus
1258 4301 1284 4352 io
1305 4313 1393 4352 museo
1411 4301 1580 4352 universitatis
1599 4299 1681 4353 Norr.
1700 4314 1780 4352 mser-

256 4405 355 4452 vuutur.
411 4401 473 4452 Nou
492 4398 595 4465 quidem
620 4398 782 4454 diffitendum
804 4409 851 4469 eet,
872 4400 1014 4470 ponderum
1034 4403 1088 4454 iere
1112 4404 1227 4456 omnium
1248 4407 1333 4470 portes
1357 4402 1455 4468 sliquos
1481 4404 1593 4468 oemgiue
1616 4417 1703 4454 erosos
1718 4417 1782 4466 esse,

257 4517 320 4568 quos
343 4503 492 4570 oonjeoturu
516 4502 709 4570 restitutum
735 4505 769 4558 ob
792 4518 914 4572 mgnum
940 4521 1030 4560 eorum
1050 4521 1186 4560 numerum
1207 4519 1279 4558 error
1307 4504 1415 4572 aiicujus
1439 4505 1560 4558 momenti
1587 4505 1630 4558 vix
1655 4505 1780 4558 committi

257 4606 348 4671 potuit.
