4300 5684
1195 282 1223 360 4

416 495 454 557 G.
476 495 514 557 F.
541 494 657 556 libsms
676 495 786 576 Myut-
811 514 850 576 og
875 493 1188 575 bledsille-Samliug,
1218 492 1421 574 lljbbeubavu
1450 493 1542 570 1831,
1567 494 1638 573 Svo,
1659 494 1680 556 ll
1702 492 1797 572 Voll,
1820 497 2010 578 praecipuum

410 653 499 709 tenet
513 647 627 708 locum.

496 799 598 862 Multo
616 803 720 859 tamen
738 798 839 880 major
859 798 948 878 copia
966 816 1129 858 uumorum
1150 801 1337 870 nostrorum,
1359 815 1448 874 qvam
1460 816 1537 878 qvos
1554 800 1622 880 jam
1642 799 1888 874 memoravimus,
1910 817 2009 878 nuper

408 953 441 1012 iu
463 950 615 1030 Norvegla
637 969 655 1010 e
678 954 762 1010 terra
782 953 832 1010 est
855 953 954 1024 eruta,
976 953 1009 1007 et
1029 946 1097 1007 boec
1116 947 1267 1028 imprimis
1291 967 1341 1008 me
1362 947 1400 1007 sd
1417 947 1811 1011 baucdissertstiuuculam
1827 949 2010 1010 exarandam

410 1103 585 1175 commovit,
608 1101 641 1160 in
662 1119 733 1179 qua,
757 1105 926 1180 conspectu
947 1099 1035 1159 brevi
1056 1099 1104 1158 rei
1124 1099 1303 1159 monetariae
1327 1097 1539 1180 Norvegorum
1560 1101 1593 1161 in
1613 1101 1716 1162 medio
1743 1119 1809 1160 aevo
1835 1101 2010 1180 premisso,

411 1272 520 1315 uumos
543 1252 613 1314 illos
636 1251 817 1312 describam.
880 1249 941 1310 Hic
969 1255 1156 1329 conspectus
1185 1269 1247 1310 uon
1272 1255 1372 1311 totum
1396 1269 1469 1312 vero
1491 1251 1627 1313 medium
1651 1271 1749 1330 aevum
1774 1251 2010 1332 complectetur,

410 1403 466 1464 sed
501 1403 656 1482 aliqvauto
689 1401 770 1463 inira
801 1399 925 1460 initium
955 1399 1046 1460 modo
1076 1400 1175 1461 seculi
1204 1401 1316 1462 decimi
1350 1403 1453 1480 quarti
1481 1402 1709 1483 progredietur,
1741 1402 1815 1482 quin
1846 1403 1940 1462 etiam
1970 1401 2010 1462 de

409 1557 531 1617 ratione
548 1572 712 1615 numomm
734 1551 820 1614 Eriol
842 1551 947 1631 Magni
970 1551 1014 1611 fil.
1042 1553 1175 1632 ejusque
1205 1553 1398 1614 successoris
1426 1553 1542 1629 silebit,
1565 1553 1680 1634 quippe
1706 1571 1838 1633 quorum
1864 1571 2009 1633 perscru-

409 1708 487 1768 tatio
506 1705 641 1766 noudum
658 1704 732 1766 satis
754 1702 895 1783 perlecta
913 1704 955 1764 sit
979 1705 1133 1778 instituta,
1161 1709 1194 1764 et
1219 1704 1281 1784 ipsi
1305 1705 1338 1764 in
1367 1704 1483 1764 museis
1504 1710 1567 1765 tam
1592 1704 1711 1766 dissitis
1742 1711 1950 1779 asserventur,
1972 1709 2010 1764 ut

410 1876 473 1918 nou
496 1858 564 1917 siue
583 1875 691 1936 magna
711 1855 896 1916 difficultate
918 1856 1001 1916 inter
1020 1873 1054 1916 se
1077 1854 1213 1915 conlerri
1235 1855 1371 1935 possiut3
1398 1855 1481 1934 quod
1501 1856 1584 1917 idem
1603 1855 1643 1916 de
1660 1856 1761 1917 uumis
1778 1855 1877 1916 seculi
1896 1831 2009 1916 decimi

411 2009 513 2087 quarti
541 2006 654 2067 ceteris
680 2005 770 2066 valet.
832 2004 955 2085 Magnes
983 2004 1107 2088 quidem
1135 2005 1228 2066 etiam
1253 2006 1286 2066 in
1317 2006 1427 2069 notitia
1457 2026 1621 2068 rumorum
1653 2007 1862 2086 antiquiorum
1888 2005 2008 2068 lacunae

410 2164 543 2234 exstant,
566 2158 621 2218 sed
642 2162 690 2218 tot
706 2159 774 2238 jam
796 2157 828 2216 in
857 2163 965 2216 nostro
988 2155 1094 2218 seculo
1121 2156 1161 2218 sd
1184 2175 1239 2218 eos
1268 2157 1502 2238 cognoscendos
1533 2115 1711 2239 adjumenta
1736 2163 1810 2218 suut
1829 2159 1952 2234 collata,
1974 2162 2009 2218 ut

410 2315 611 2390 conspectum
632 2311 773 2390 prebere
791 2325 909 2382 eorum,
921 2327 997 2387 qvos
1020 2307 1171 2384 novimus,
1194 2313 1227 2369 et
1244 2307 1386 2370 historiae
1404 2309 1629 2370 scrutatoribus
1649 2316 1684 2372 et
1708 2329 1872 2374 rumorum
1893 2311 2020 2388 colles--

409 2463 529 2524 toribus
552 2459 631 2522 utile
651 2458 821 2520 habuerim.

489 2613 578 2674 llanc
597 2610 841 2690 qualemcunque
867 2608 1170 2672 dissertatiunculam
1191 2611 1307 2689 itaque,
1331 2610 1466 2686 indiciis,
1490 2629 1559 2690 qus·
1581 2611 1633 2672 bic
1658 2612 1725 2674 illic
1756 2611 1898 2692 dispersa
1924 2619 2008 2687 suut,

409 2763 562 2836 collectis,
583 2763 616 2823 iu
633 2761 773 2823 ordinem
794 2761 929 2822 redactis
952 2767 986 2822 et
1004 2761 1200 2840 comparatis,
1221 2761 1335 2842 primas
1356 2762 1405 2821 rei
1426 2766 1542 2823 nostrae
1554 2762 1733 2824 monetarias
1754 2725 1851 2826 lineas
1873 2765 2009 2825 ducendi

410 2881 583 2994 periculum
612 2913 717 2992 potius
744 2931 835 2991 quam
862 2931 940 2992 opus
968 2913 1121 2986 omuibus,
1150 2931 1220 2991 quse
1247 2906 1381 2988 exstent,
1410 2913 1597 2995 adjumentis
1624 2919 1874 2994 superstructum
1899 2916 2010 2978 baberi

408 3065 510 3124 velim.
553 3063 620 3124 Nec
641 3064 723 3124 enim
744 3063 831 3140 mibi,
850 3065 941 3145 cujus
961 3064 1086 3144 propria
1107 3063 1210 3125 stadis
1235 3064 1382 3126 aliorsum
1410 3065 1552 3140 tendunt,
1577 3085 1683 3127 omues
1710 3084 1820 3128 numos
1844 3065 2009 3147 Norvegiae

409 3221 542 3288 veteres,
566 3216 671 3294 quiin
692 3215 824 3276 diversis
848 3216 963 3276 museis
985 3216 1190 3297 norvegicis*
1211 3223 1245 3278 et
1267 3217 1383 3276 exteris
1406 3221 1613 3292 asservantur,
1635 3217 1834 3296 inspicereet
1852 3217 2010 3291 conferre,

409 3387 468 3429 nec
490 3368 591 3427 omnia
618 3371 816 3427 monumenta
840 3367 989 3443 literaria,
1013 3387 1082 3446 quar
1109 3368 1198 3429 nobis
1225 3368 1360 3447 majores
1386 3365 1589 3446 reliquerunt,
1614 3367 1774 3448 perlegere
1801 3368 1917 3430 licuit..
1962 3369 2009 3430 Ne

408 3525 573 3598 tantopere
590 3477 724 3596 quidem,
747 3536 837 3595 quam
858 3518 974 3579 lactum
993 3523 1052 3593 est,
1074 3519 1113 3578 iis
1135 3519 1182 3578 uti
1203 3519 1386 3598 potuissem,
1410 3519 1471 3578 uisi
1490 3518 1529 3580 n.
1553 3518 1683 3598 lleyser,
1708 3519 1909 3580 historiarum
1934 3538 2008 3599 pro-

409 3671 512 3731 lessor
535 3668 745 3741 doctissimus,
770 3687 839 3746 qum
866 3675 915 3729 est
939 3671 1009 3751 ejus
1042 3674 1115 3730 uota
1139 3669 1365 3745 benevolentia,
1391 3669 1507 3752 multos
1538 3689 1576 3730 eu
1602 3671 1823 3732 vetustissimis
1848 3671 2007 3732 literarum

409 3821 615 3881 monumentis
636 3819 723 3882 locos
746 3819 808 3880 huc
828 3820 980 3881 iacientes
1002 3840 1122 3882 mecum
1143 3823 1442 3883 communicavisset.

443 4179 683 4248 *Nuuuopbylucis
708 4179 815 4246 aliquus
838 4180 969 4244 momenti,
991 4196 1048 4247 quse
1073 4183 1099 4233 iu
1124 4181 1257 4247 Norvegia
1279 4187 1390 4247 exstant,
1412 4179 1544 4249 possident
1565 4181 1716 4234 universitas
1743 4185 1815 4248 regia
1839 4180 2007 4248 chmtisniae,

476 4285 585 4335 societas
603 4283 716 4335 literaria
734 4281 872 4349 Nldrosire‚
894 4298 1010 4335 museum
1034 4285 1174 4350 Bergeusa,
1196 4299 1311 4336 museum
1336 4282 1518 4352 Areudalause,
1542 4281 1604 4338 bon.
1621 4285 1651 4340 c.
1678 4285 1698 4337 l.
1716 4283 1819 4354 solive,
1841 4286 2007 4352 portitoribus

421 4441 430 4456 ³
477 4387 619 4453 prefectus,
644 4384 722 4438 bodie
748 4382 917 4450 Christianioe,
940 4385 1008 4437 brevi
1040 4387 1219 4451 Stuvangrnn
1245 4387 1409 4454 migratums,
1429 4385 1491 4440 bou.
1515 4389 1536 4440 l.
1562 4386 1647 4454 Tbue,
1673 4387 1814 4440 Lusitaniae
1837 4393 2007 4440 mercatorum

477 4490 588 4553 negotiis
608 4487 728 4540 curandis
753 4489 911 4556 prepositus,
928 4487 1081 4555 Areudalire,
1097 4487 1158 4541 hou.
1174 4485 1261 4556 blobr,
1279 4489 1375 4541 Siclliae
1393 4505 1471 4543 merc.
1490 4505 1549 4558 ueg.
1567 4506 1621 4544 cur.
1644 4506 1720 4558 praep.
1737 4491 1837 4556 Bergis,
1853 4495 1880 4542 et
1897 4487 1957 4543 bon.
1977 4491 2005 4542 C.

475 4587 610 4656 Schwaob,
623 4590 707 4656 judex
725 4607 809 4659 super.
827 4590 909 4643 ordin.
925 4588 1062 4643 Nidrosloe.
