4300 5684
374 877 408 972 1.
491 876 563 974 nn
599 875 790 976 Person
823 875 894 972 nu
927 873 1244 973 nonnnnnln
1274 874 1575 976 conventu.

828 1184 1110 1259 Prccmoncndu.

175 1405 311 1521 Priscus
329 1459 376 1518 rei
398 1461 578 1522 monetariae
599 1461 810 1542 Norvcgorum
833 1461 912 1521 ratio
932 1459 1069 1522 nondum
1090 1461 1165 1520 satis
1188 1458 1346 1540 explorata
1365 1465 1424 1534 est,
1444 1460 1535 1540 cujus
1550 1459 1598 1519 rei
1621 1455 1777 1537 praecipoa

175 1613 339 1668 causaest
362 1611 571 1673 subsidiorum
591 1612 624 1672 in
645 1611 703 1672 hac
727 1631 762 1672 re
783 1612 904 1691 inopia;
924 1612 1009 1672 numi
1028 1611 1109 1671 enim
1131 1609 1293 1690 Norvegiae
1314 1611 1430 1689 antiqvi
1446 1612 1478 1670 in
1500 1610 1641 1672 omnihus
1660 1607 1776 1668 muscis

176 1773 298 1836 semper
319 1757 448 1821 inerunt
465 1762 626 1838 rarissimi,
650 1767 682 1822 et
704 1761 798 1823 medii
819 1763 878 1822 aevi
901 1761 1145 1842 historiographi
1173 1760 1256 1822 haud
1280 1779 1364 1840 saepc
1384 1762 1432 1821 rei
1456 1761 1635 1822 monetariae
1657 1758 1777 1820 iaciunt

175 1908 373 1971 mentionem.
441 1911 527 1972 Inter
545 1931 650 1993 opera,
671 1913 703 1974 in
729 1913 839 1992 qvihns
866 1913 951 1974 numi
977 1913 1077 1974 nostri
1102 1913 1261 1988 recensiti,
1288 1911 1439 1992 descripti
1465 1917 1499 1972 et
1521 1909 1668 1972 detinenti
1694 1910 1776 1983 sunt,

174 2059 314 2139 inprimis
335 2062 487 2123 nominari
504 2069 678 2125 merentum

256 2207 401 2270 Murcum
421 2209 567 2293 Regium,
590 2233 646 2276 seu
667 2213 833 2294 Catalogus
855 2232 959 2273 rerum
983 2211 1039 2274 dcc.
1061 2231 1130 2292 quar
1151 2214 1184 2274 in
1207 2212 1336 2273 basilica
1352 2211 1550 2274 bibliothecae
1575 2253 1582 2270 .
1604 2257 1611 2272 .
1636 2253 1644 2271 .
1666 2257 1674 2272 .
1699 2210 1776 2270 Fre-

174 2359 272 2422 derici
289 2363 398 2439 Quarti
411 2362 539 2423 Havniae
557 2370 766 2439 asservantur,
784 2365 821 2426 uh
845 2363 925 2444 Ota'g.
948 2362 1093 2424 Jacotaeo
1113 2363 1300 2444 descriptus,
1323 2364 1444 2423 auctior
1465 2406 1473 2422 .
1496 2406 1503 2421 .
1526 2407 1533 2423 .
1559 2407 1574 2444 ‚¹
1589 2361 1775 2434 illustratus,

174 2529 276 2572 accur.
333 2512 473 2576 Johannc
493 2514 701 2610 Laurentum,
722 2513 862 2589 narniae,
884 2534 908 2576 s.
932 2535 958 2576 a.
981 2515 1052 2589 iol.;
1074 2523 1108 2575 et
1128 2512 1326 2576 Bcskrtoetse
1346 2531 1420 2574 onor
1441 2511 1573 2574 Donate
1593 2509 1721 2592 Myotcr
1736 2529 1777 2591 og

173 2659 343 2722 Modaitlcr
364 2665 375 2723 i
397 2663 458 2724 den
475 2663 585 2745 Kongl.
609 2665 755 2745 Samting.
817 2663 1021 2746 Kjiihenhavn
1039 2665 1130 2740 17⁰1,
1150 2665 1205 2725 fot.
1226 2685 1297 2726 cum
1318 2665 1475 2726 volumine
1493 2664 1589 2725 tabul.
1610 2664 1665 2722 aeri
1684 2663 1774 2724 incis.

254 2812 525 2896 luquinqugintn
547 2817 635 2877 annis
657 2816 812 2897 posthoc
839 2835 917 2896 opus
941 2816 1058 2877 editum
1085 2815 1199 2896 clapsis
1227 2815 1334 2896 plnres
1363 2827 1438 2876 ‘vero
1466 2816 1551 2875 nnmi
1580 2813 1736 2892 norvegici
1757 2830 1776 2872 e

173 2971 257 3024 terra
274 2970 348 3026 aunt
366 2966 459 3041 eruti,
481 2967 513 3026 in
534 2966 630 3027 ltania
652 2966 802 3040 nonnulli,
824 2948 967 3028 mutti'in
991 2965 1154 3047 Norrcgia.
1216 2965 1456 3028 Recentiorihus
1481 2966 1563 3026 euim
1583 2929 1776 3044 temporibus

173 3114 256 3175 aedca
275 3113 391 3193 aliquot
415 3134 512 3176 sacrae
537 3134 555 3176 c
582 3115 665 3196 ligno
688 3122 888 3194 constructor,
914 3121 1071 3180 vetustate
1102 3121 1285 3193 consumtus,
1305 3111 1430 3177 ‘dirutae
1446 3121 1529 3191 sunt,
1556 3115 1644 3176 etin
1670 3133 1776 3174 earum

172 3265 277 3326 fundis
298 3267 384 3327 numi
407 3272 481 3327 suut
501 3268 629 3348 reperti,
646 3286 694 3328 ex.
717 3287 762 3348 gr.
785 3289 864 3330 anno
884 3267 975 3344 1824,
997 3288 1088 3348 quum
1106 3270 1140 3328 in
1161 3267 1308 3349 parochia
1327 3267 1450 3328 Leirdat
1473 3267 1566 3342 dicta,
1586 3267 1619 3327 in
1638 3265 1776 3326 dioecesi

171 3419 321 3498 Bergsnsi
347 3417 417 3491 sita,
445 3417 583 3497 procella
615 3418 713 3479 edem
749 3419 930 3493 evertisset3
959 3438 1038 3480 anno
1063 3418 1155 3495 1885,
1184 3437 1278 3498 quum
1310 3419 1343 3479 in
1368 3417 1515 3498 parochia
1539 3415 1657 3497 Vigtier
1682 3415 1775 3488 dicta,

171 3565 314 3650 ejusdem
338 3567 503 3641 dioecesis,
525 3567 608 3628 aedea
636 3570 675 3629 ob
700 3573 886 3632 vetustatem
908 3571 1011 3631 diruta
1036 3575 1136 3644 esset3
1156 3589 1182 3630 u.
1211 3568 1303 3644 1838,
1325 3588 1419 3648 quum
1446 3566 1576 3629 eandem
1592 3569 1632 3627 oh
1651 3585 1774 3626 causam

171 3718 256 3780 aedes
276 3717 491 3799 parochiarum
510 3718 685 3798 Hynestad
708 3719 793 3795 Mael,
813 3717 841 3780 dc
863 3719 947 3781 Tind
966 3720 1128 3796 dictarum,
1149 3721 1182 3780 in
1200 3718 1338 3780 dioecesi
1367 3717 1672 3780 christionsandensi
1699 3716 1774 3776 sita-

170 3889 250 3945 rum,
270 3868 439 3929 dcatructae
459 3874 576 3944 essent,
598 3874 721 3930 etanuo
743 3869 835 3945 lesu,
855 3891 948 3950 quum
970 3871 1054 3932 aedes
1076 3870 1232 3952 parochie
1254 3869 1402 3945 (inardet,
1424 3871 1457 3930 iu
1479 3868 1616 3930 dioecesi
1640 3867 1774 3946 Aggers-

170 4019 311 4081 husiensi
330 4019 410 4108 situ,
429 4017 635 4080 destructioni
656 4020 766 4082 relicta
787 4026 881 4082 esset.
933 4021 1104 4083 Numerum
1125 4021 1213 4082 hisce
1232 4021 1310 4082 locis
1331 4025 1526 4102 repertorum
1546 4019 1599 4080 atii
1625 4019 1658 4078 in
1677 4016 1773 4091 Urda,

171 4175 204 4231 ct
224 4171 318 4231 norsk
338 4169 697 4248 antiquarisk-historisk
722 4170 905 4248 Tidsskrift,
927 4173 1054 4253 ndgivet
1075 4173 1109 4234 ai
1128 4173 1329 4234 Directiouen
1347 4170 1403 4232 'for
1424 4170 1478 4230 det
1503 4169 1680 4249 Bergenslre
1701 4167 1774 4229 Mu-

171 4339 280 4396 rcum,
300 4321 421 4402 Bergen
442 4321 523 4380 1837
544 4318 572 4381 tr
594 4341 672 4400 squ,
695 4321 842 4382 delineati
864 4329 898 4383 et
919 4323 1068 4404 descripti
1090 4323 1237 4399 sunt‚atii
1254 4324 1287 4383 iu
1306 4286 1423 4383 muscis
1444 4321 1578 4401 publicis
1600 4327 1633 4382 ct
1647 4321 1773 4402 privatis

171 4454 283 4533 inediti
308 4475 516 4532 assumantur.
570 4471 741 4532 Numorum
775 4475 1008 4554 norvegicorum
1039 4475 1207 4536 recentiori
1234 4479 1373 4554 ternpore
1399 4474 1431 4532 in
1459 4473 1555 4533 Dania
1579 4479 1774 4553 repertorum

172 4621 312 4683 nonnulli
330 4624 362 4684 in
387 4623 622 4684 recensionibns
649 4643 812 4685 numorum
836 4624 990 4690 uenalium
1009 4625 1160 4706 descripti
1180 4630 1262 4700 sunt,
1284 4625 1366 4685 inter
1385 4641 1457 4702 qvas
1479 4623 1682 4704 Forteguelse
1701 4641 1775 4683 over

1380 4775 1441 4834 1*
