4300 5684
934 349 986 428 lo

68 541 72 548 ’
165 564 299 643 Huquiui
323 563 399 640 tilio,
422 563 455 624 iu
471 563 564 645 pejus
583 579 701 624 versum
723 580 804 637 esse,
826 579 843 622 e
865 560 968 622 literis
990 561 1028 622 sb
1054 559 1197 639 quuinc
1228 561 1298 642 ejus
1325 559 1389 623 tilio
1415 560 1547 622 Humsre
1575 580 1653 624 suno
1678 563 1758 627 lusu

164 715 245 776 detis
268 714 424 776 docemur.
467 712 571 776 Verbo
589 715 660 795 ejus
681 715 763 774 euim
781 713 849 774 hoec
868 717 957 772 sunt:
979 710 1154 774 ’'Monetum
1176 731 1261 787 vero,
1285 731 1493 792 quumpsrum
1506 713 1609 774 uslere
1623 715 1756 792 dixistis,

163 867 230 927 lico
249 871 283 926 et
302 867 442 926 omnibus
463 866 553 926 bonis
572 865 646 925 viris
669 869 775 926 uotum
794 869 844 925 est
866 882 955 942 usque
973 865 1083 925 bonum
1106 882 1176 924 esse
1198 883 1234 924 sc
1255 863 1376 943 qusudo
1402 864 1510 926 diebus
1534 867 1631 945 pstris
1658 871 1756 929 nostri

165 1017 279 1097 optimo
301 1022 384 1090 errt3
406 1019 536 1078 marimo
559 1018 652 1078 etism
675 1017 860 1078 detrimento
884 1015 973 1076 nobis
991 1014 1140 1075 frutribus
1161 1011 1269 1095 (Erico
1287 1016 1353 1094 regi
1372 1019 1405 1076 et
1424 1015 1566 1096 quuino
1588 1017 1674 1098 duci)
1697 1027 1756 1094 est,

163 1187 230 1228 eum
249 1187 357 1248 purum
379 1167 499 1243 uslere3
522 1171 676 1230 nonenim
696 1168 846 1248 plurimos
867 1185 975 1227 numos
996 1167 1173 1247 accipimus.
1222 1167 1351 1245 Qusudo
1369 1166 1452 1228 licus
1475 1169 1564 1230 nobis
1587 1173 1622 1229 ut
1638 1189 1755 1231 conse-

163 1319 283 1380 nismus
314 1321 515 1394 concesserit,
542 1321 677 1381 virorum
701 1321 886 1401 optimorum
912 1317 1043 1379 consitio
1065 1323 1098 1378 et
1123 1318 1354 1398 operationem
1380 1321 1582 1400 reperiemus,
1602 1321 1755 1399 quomodo

163 1470 283 1550 ergenii
304 1472 438 1550 pretium
460 1469 553 1552 (sylir
571 1469 718 1553 gangren)
729 1471 806 1533 utile
828 1476 861 1532 et
879 1471 1026 1532 smbobus
1049 1470 1138 1530 nobis
1154 1469 1302 1531 frutribus
1319 1475 1352 1530 ct
1375 1472 1516 1533 omnibus
1537 1473 1624 1554 regui
1643 1473 1755 1535 incolis

163 1623 429 1683 constituetur*.”

245 1773 279 1834 Si
303 1794 372 1836 cum
395 1774 483 1836 hisce
504 1777 606 1836 serbis
630 1779 784 1837 mouetsm
803 1774 914 1834 horum
940 1772 1070 1833 frustrum
1096 1791 1218 1853 prsssm
1239 1790 1461 1851 computemus,
1487 1793 1555 1834 erm
1577 1776 1644 1856 Jem
1667 1783 1755 1855 pstre

162 1941 270 1986 eorum
291 1933 439 2006 regnunte
457 1927 490 1987 in
508 1928 600 2009 pejus
622 1931 769 1988 mutatum
786 1925 885 1986 fuisse
906 1927 1044 2003 spperet,
1073 1923 1194 1983 etismsi
1223 1942 1292 2003 qum
1312 1923 1457 1984 dicuutur
1478 1942 1540 1986 nou
1564 1925 1603 1986 sd
1628 1927 1755 1990 verbum

162 2094 232 2137 esse
254 2077 454 2158 intelligendo
477 2095 668 2138 censesmus.

248 2229 419 2309 Argentum
439 2247 501 2290 nou
521 2229 684 2310 signatum,
702 2247 763 2308 quo
782 2228 815 2287 in
834 2227 945 2307 pretiis
968 2225 1123 2286 solvendis
1142 2225 1319 2300 utebantur,
1337 2243 1448 2305 purum
1468 2243 1493 2286 s.
1511 2229 1635 2288 coctum
1654 2227 1755 2309 (trent

161 2377 248 2460 siisr)
270 2381 320 2440 vel
342 2380 451 2442 ssitern
472 2381 562 2440 booae
584 2379 772 2441 conditionis
796 2385 829 2440 et
849 2377 951 2440 eibum
973 2375 1060 2458 (siisr
1085 2375 1169 2435 leuitt
1195 2376 1209 2434 ι’
1230 2373 1314 2451 sidr,
1339 2378 1360 2436 i.
1383 2396 1411 2437 e.
1440 2381 1599 2458 argentum
1618 2380 1755 2442 incisura

160 2528 310 2610 elbum)†
332 2531 431 2592 inisse
448 2531 581 2591 videtur.

714 2756 785 2838 §d
829 2753 879 2816 De
897 2775 1062 2816 numerum
1074 2755 1196 2832 sonna.

242 2907 336 2968 Arei
356 2909 535 2970 monetsrioe
555 2909 644 2969 initio
666 2909 699 2968 iu
724 2907 878 2988 Norvegiu
899 2908 957 2968 sub
985 2909 1078 2968 finem
1101 2923 1200 2985 usque
1226 2905 1325 2966 seculi
1346 2905 1457 2968 decimi
1477 2907 1562 2968 tertii
1589 2906 1708 2984 saltem,
1728 2912 1755 2970 si

160 3077 223 3119 non
240 3059 417 3133 diutius**,
436 3079 547 3120 numus
569 3059 686 3120 denarii
698 3055 905 3139 (pening’ens)
917 3076 1038 3137 -quoe
1059 3063 1192 3118 monetur
1214 3059 1335 3138 sspecie
1355 3075 1393 3120 ec
1416 3062 1557 3139 tempore
1572 3059 1605 3119 in
1630 3059 1756 3140 Europe

160 3210 294 3289 rudgerio
316 3211 377 3271 fuit
399 3245 431 3256 -
456 3213 590 3291 pretium
613 3210 766 3272 excedens
787 3209 891 3272 nulius
918 3207 1089 3270 cudebatur
1099 3207 1156 3288 ††.
1217 3208 1331 3270 Formo
1352 3218 1495 3290 typorum
1522 3210 1647 3290 utrique
1669 3214 1755 3272 numi

193 3630 208 3660 *
225 3623 367 3679 Thorlreliu
389 3627 500 3694 Dipiom.
521 3628 552 3680 Α.
568 3626 606 3679 Μ.
622 3628 656 3679 11.
674 3645 698 3696 p.
715 3631 773 3684 264.

192 3731 211 3797 †
231 3729 268 3782 Ut
289 3731 387 3794 argenti
406 3729 579 3782 conditionem
596 3731 688 3783 obtutu
705 3729 884 3797 dijudicarent,
904 3731 959 3782 rcie
977 3729 1051 3782 cultri
1072 3727 1098 3780 id
1117 3725 1230 3781 incidere
1249 3729 1373 3780 sciebant.

179 3836 209 3867 **
229 3833 301 3885 Num
321 3835 447 3885 mouimus
472 3832 541 3884 Erici
564 3833 619 3900 jem
639 3834 772 3886 memorati
795 3847 888 3885 numus
910 3832 1014 3898 majoris
1032 3833 1065 3884 sit
1087 3832 1170 3899 pretii,
1193 3829 1307 3883 nondum
1328 3832 1502 3883 examinutum
1524 3837 1575 3896 est;
1598 3847 1753 3898 prosocero

227 3937 326 4001 urgenti
348 3933 461 3987 conditio
482 3933 616 4002 prohibere
632 3935 743 4004 videtur,
760 3951 812 4002 quo
831 3937 914 3987 miuus
931 3933 983 3988 hoc
1000 3936 1109 4002 pretium
1126 3932 1251 3986 excedere
1270 3938 1411 3986 censentur.

175 4039 211 4104 ἢ
228 4039 257 4090 In
275 4037 390 4090 versione
412 4034 575 4090 historiarum
603 4053 693 4104 regum
721 4040 884 4105 antiquorum
909 4039 1048 4103 Norscgise
1065 4037 1201 4089 norissima
1222 4037 1332 4102 (Snorre
1353 4036 1498 4088 Sturlesous
1514 4037 1619 4090 Norskc
1635 4035 1755 4103 Kongers

226 4143 334 4206 sepner,
353 4145 479 4192 orersutte
497 4139 527 4190 ri
538 4140 559 4192 Ι.
577 4141 635 4192 Aoi.
669 4139 823 4194 Christianis
843 4143 918 4206 1⁸³⁹.
938 4140 996 4192 Voi.
1015 4143 1040 4192 3.
1064 4156 1089 4207 p.
1106 4141 1162 4204 ss.)
1183 4155 1311 4191 crorum
1335 4139 1439 4206 quidem
1459 4139 1591 4205 urgenti
1611 4139 1754 4204 signetu-

227 4259 295 4295 rum
319 4243 415 4294 mentio
434 4247 527 4310 exstet,
543 4241 588 4295 sed
608 4239 651 4295 hic
668 4259 739 4297 error
761 4249 808 4310 est,
824 4259 876 4296 non
891 4245 945 4296 viro
964 4242 1110 4307 venerubiii,
1128 4243 1172 4309 qui
1190 4243 1331 4294 versionem
1351 4241 1470 4306 coniecit,
1486 4241 1532 4294 sed
1552 4242 1655 4292 lectioni
1673 4257 1755 4307 prosse

227 4347 267 4397 vei
286 4347 376 4398 saitem
397 4345 524 4410 ambigue
542 4346 568 4398 in
588 4352 661 4399 testu
679 4347 794 4413 originali
815 4344 1005 4399 adscribendus.
1039 4331 1250 4398 Sitirmerktr
1266 4343 1367 4409 cyrir‚
1386 4341 1456 4408 quod
1474 4347 1559 4396 textus
1578 4341 1666 4411 habet,
1684 4343 1756 4396 nulio

227 4449 309 4500 serbis
328 4449 352 4500 ri
372 4447 450 4500 oilutu
469 4449 515 4515 itu,
538 4453 567 4500 ut
587 4450 791 4516 memoravimus,
809 4450 874 4502 verti
893 4454 1008 4516 possunt,
1025 4447 1070 4500 sed
1091 4449 1257 4500 ettenorum
1282 4448 1383 4512 urgenti
1401 4448 1494 4510 signati
1515 4448 1532 4498 i.
1551 4461 1573 4498 e.
1592 4445 1755 4498 deusriomm

227 4556 406 4616 argenteorum
423 4551 566 4616 siguificare
583 4558 696 4620 possunt
746 4553 775 4606 ln
801 4551 892 4606 codice
911 4552 962 4605 utic
982 4551 1076 4618 legitur
1099 4550 1317 4604 siifrmerirtir
1346 4550 1526 4618 peningor,
1551 4547 1621 4616 quod
1644 4547 1752 4602 eundern

226 4669 326 4707 sensnm
346 4655 472 4721 exprimit.
