4300 5684
1134 287 1191 366 22

356 498 454 557 toeite
472 499 624 560 novimus.
667 499 730 562 Ubi
750 517 825 560 vero
846 498 886 560 de
905 503 993 562 certo
1004 518 1168 562 numurum
1179 517 1309 562 numero
1328 517 1431 560 sermo
1450 503 1528 574 eret,
1547 498 1661 560 iisdem
1670 498 1841 573 vocubulis,
1852 498 1961 579 quibus

355 649 495 728 pondere
515 651 736 730 insigniebam,
760 653 805 713 its
829 651 1006 727 utebantur,
1028 655 1065 712 ut
1091 653 1190 734 iring
1214 651 1266 727 lo,
1295 670 1350 712 ore
1368 647 1480 732 (ιμήν)
1505 649 1558 726 to,
1577 655 1611 710 et
1637 668 1740 711 meres
1765 646 1883 731 (miri)
1899 649 1961 710 24⁰

357 798 501 862 denarios
517 800 709 884 (peningor)
733 803 933 884 signiticaret.
1001 803 1236 865 Observandum
1267 804 1371 879 etiem,
1399 809 1504 864 utrum
1533 821 1636 863 sermo
1660 803 1702 862 sit
1723 801 1763 862 de
1788 821 1892 862 merce
1912 801 1959 862 sei

359 969 413 1012 ors
435 959 594 1015 numeratu
619 951 731 1036 (tolio)
756 975 794 1016 su
816 955 987 1035 ponderato
1013 951 1134 1036 (vogin)
1148 955 1175 1014 *.
1244 954 1279 1015 in
1304 955 1409 1035 priore
1438 953 1638 1036 dijudicando
1664 973 1789 1033 semper
1813 955 1963 1034 temporie

358 1103 437 1163 rctio
458 1109 508 1164 est
525 1105 677 1168 babendo.
737 1107 772 1168 ln
793 1108 883 1168 tuitio
908 1107 990 1167 enim
1011 1125 1114 1166 mereo
1135 1112 1294 1168 numerato
1322 1106 1523 1186 ponderatum
1544 1105 1696 1184 mouebat,
1725 1125 1795 1184 quos
1818 1105 1894 1165 retio
1919 1105 1962 1166 cd

358 1253 480 1315 initium
500 1255 569 1318 iere
588 1257 688 1318 seculi
709 1258 885 1320 duodecimi
907 1258 1037 1320 durssse
1055 1258 1190 1334 videtur,
1213 1263 1246 1318 et
1268 1263 1400 1337 utroque
1423 1261 1543 1320 tuntum
1566 1257 1634 1318 iere
1656 1242 1787 1338 urgenti,
1815 1263 1960 1337 quonium

358 1403 451 1466 hodie
474 1415 546 1470 octo
574 1409 651 1472 tbul.
682 1411 810 1492 Species
836 1409 982 1490 Norveg.‚
1010 1411 1206 1508 continebst3
1240 1411 1299 1472 sub
1331 1411 1425 1470 iiuem
1456 1427 1531 1472 vero
1560 1409 1705 1491 eiusdem
1731 1409 1832 1469 occidi
1861 1427 1964 1470 mores

358 1576 440 1618 num.
463 1560 514 1620 vir
535 1565 669 1640 quotuor
686 1561 778 1643 Speo.
802 1562 896 1624 Norr.
920 1563 1071 1642 aequebst,
1092 1567 1126 1623 et
1149 1563 1206 1622 sub
1227 1563 1321 1622 tinem
1346 1561 1446 1623 seculi
1475 1561 1588 1624 decimi
1607 1561 1694 1622 tertii
1713 1560 1756 1644 22
1775 1560 1846 1621 fere
1871 1560 1963 1641 Spec.

358 1708 453 1769 Noru.
475 1717 542 1772 eret
565 1712 736 1793 aequslie†.

451 1861 561 1924 Tertio
581 1865 706 1926 taudem
729 1871 780 1928 est
806 1884 870 1940 ors,
892 1883 961 1944 quae
983 1863 1142 1945 nokeynb
1160 1884 1185 1925 e.
1206 1863 1360 1946 lb'g-eyrir
1379 1864 1448 1946 (oro
1466 1883 1570 1928 censeo
1593 1883 1619 1926 s.
1640 1863 1733 1946 legis)
1755 1865 1882 1939 dicitur,
1904 1884 1965 1943 qus

358 2009 389 2069 iu
411 2011 534 2074 mulctis
554 2015 711 2078 solvendis
732 2019 910 2091 utebantur,
934 2021 968 2077 et
988 2035 1057 2096 quae
1079 2037 1134 2078 sex
1154 2017 1249 2098 penui
1272 2018 1373 2096 grossi
1397 2015 1709 2098 (vedmnjutnmm
1731 2017 1962 2078 centimetrum.

447 2161 729 2250 Srisrmdtineyrir
749 2167 818 2250 (ors
842 2168 962 2250 urgenti
985 2166 1186 2248 mensurato),
1209 2169 1302 2250 cujus
1331 2187 1551 2248 nonnunquam
1576 2169 1614 2230 ut
1639 2171 1768 2245 mentio,
1793 2169 1902 2230 eedem
1927 2188 1965 2230 eo

358 2333 412 2410 oro
432 2325 591 2380 numerate
609 2317 745 2399 erut††.

444 2467 639 2531 Vocabulum
664 2467 810 2554 Stitttng,
831 2473 914 2552 quod
936 2473 1086 2555 inhujus
1108 2473 1166 2539 eesi
1188 2473 1314 2553 scriptis
1340 2489 1427 2532 nors.
1454 2492 1526 2534 roro
1553 2473 1680 2554 legitur,
1702 2491 1761 2534 nee
1783 2473 1868 2534 numi
1890 2492 1964 2534 nor-

342 2620 458 2702 ergici
489 2622 627 2701 speciem
653 2639 711 2683 nco
743 2630 864 2686 eertum
891 2644 1053 2688 dumorum
1087 2643 1258 2698 numerum,
1287 2624 1343 2684 sed
1372 2630 1527 2684 monetam
1555 2626 1588 2685 iu
1616 2626 1797 2686 universum
1826 2625 1964 2686 indicere

357 2771 490 2832 videtur.
533 2771 626 2834 Numi
648 2776 734 2836 ourei
754 2779 911 2857 peregrini
936 2775 1178 2859 Goiiniiiiingor
1196 2773 1303 2856 (solidi
1324 2773 1425 2854 curci)
1450 2775 1686 2856 sppellebsntur
1699 2776 1767 2835 ***.

892 3003 911 3086 §
932 3007 963 3066 9.
1013 3003 1063 3065 De
1085 3005 1221 3088 officinis
1241 3003 1437 3064 monetariis.

452 3151 669 3233 Quumprisco
688 3161 821 3218 mouetoe
843 3157 1000 3237 signante
1021 3159 1101 3219 rutio
1112 3157 1255 3238 simplex,
1276 3155 1409 3216 lomellee
1428 3174 1561 3215 cuneum
1580 3155 1773 3236 imponendi,
1791 3159 1965 3238 melleoque

358 3303 506 3377 feriundi,
525 3303 733 3368 instrumente
754 3309 920 3369 monetalis
930 3308 1023 3370 focile
1042 3308 1172 3390 ponendi
1193 3307 1445 3369 commoditatem
1455 3307 1621 3388 preberet,
1638 3307 1774 3370 officiuae
1785 3311 1964 3370 monetariae

392 3575 406 3600 i·
424 3574 501 3644 Apud
519 3577 657 3642 scriptores
681 3575 757 3630 medii
783 3579 830 3630 evi
853 3576 932 3630 letine
954 3577 1094 3630 scribentes
1124 3577 1193 3644 prior
1216 3575 1310 3628 dicitur
1332 3573 1371 3628 ud
1395 3591 1579 3642 numerum,
1603 3575 1645 3628 de
1664 3593 1814 3646 numero,
1839 3581 1965 3646 posterior

424 3677 464 3732 od
482 3675 624 3746 pondus,
641 3677 679 3730 ed
697 3695 829 3747 pensum
848 3687 880 3732 et
900 3696 1063 3746 arsurum,
1082 3696 1152 3734 cum
1168 3678 1314 3748 pondere
1330 3686 1362 3732 et
1380 3681 1528 3746 arcione,
1548 3677 1589 3731 sd
1608 3681 1721 3746 ignem
1740 3688 1772 3733 et
1791 3697 1931 3748 pensum.

390 3783 459 3853 †9}
477 3783 552 3848 Spee.
571 3782 652 3833 Norv.
670 3797 704 3833 ex
724 3787 784 3836 octo
801 3785 883 3836 unciis
900 3787 998 3850 ergenii
1019 3786 1076 3851 puri
1093 3785 1235 3849 signantur.

377 3885 405 3911 *i*
423 3887 475 3938 Cir.
491 3883 625 3937 historiam
644 3883 736 3949 Magni
756 3884 855 3952 Eriingi
873 3887 908 3938 fii.
926 3903 982 3954 cup.
999 3887 1062 3940 XVI
1082 3888 1169 3953 ibique
1186 3889 1380 3938 ouuotntionem
1394 3887 1420 3938 in
1441 3883 1555 3938 editione
1571 3883 1720 3938 Hunniensi.

372 3990 407 4056 Η
424 3989 475 4041 Cir.
494 3988 580 4040 iocum
596 3988 652 4054 jum
670 3989 779 4040 citatum
798 4004 857 4040 cum
874 4005 930 4056 cop.
948 3990 1021 4042 cxtl
1038 3992 1065 4042 iu
1082 3989 1154 4042 Sucri
1173 3987 1296 4053 historin
1316 3991 1379 4041 item
1400 3988 1484 4053 legem
1501 3987 1666 4040 Frostensem
1684 3994 1805 4056 veterem,
1815 3991 1860 4041 ubi
1870 3991 1900 4042 P.
1919 3990 1965 4056 lv,

425 4093 665 4159 unumquidque
687 4107 740 4144 orte
762 4107 872 4144 mensur.
896 4092 986 4157 (curer
1009 4093 1170 4159 siiirmetnir)
1194 4090 1263 4144 idem
1289 4107 1321 4144 oc
1344 4094 1379 4160 ἢ
1401 4106 1453 4143 urse
1476 4089 1626 4157 ponderate
1644 4092 1728 4144 volere
1752 4089 1888 4156 dicuntur;
1908 4107 1965 4160 que

425 4195 584 4263 comparatio
601 4196 627 4247 in
644 4193 705 4247 edit.
726 4195 814 4248 Puusii
832 4192 1005 4258 desideratum
1023 4195 1068 4246 cfr.
1086 4194 1147 4246 ibid.
1165 4196 1243 4247 etiem
1263 4195 1294 4247 P.
1313 4200 1354 4261 12,
1371 4210 1427 4261 cup.
1443 4198 1475 4246 1³
1490 4191 1545 4259 (ed.
1561 4193 1652 4262 Pauo.)

426 4299 537 4364 Skiiiiug
554 4299 667 4350 occurrit
686 4300 712 4350 in
729 4295 815 4364 iiddo,
831 4296 872 4349 ed.
893 4296 975 4364 nuk,
991 4297 1103 4350 Homero
1123 4299 1220 4366 Ηιίιιιί,
1237 4304 1282 4350 str.
1302 4301 1345 4365 ot,
1363 4303 1389 4349 et
1411 4299 1437 4349 in
1453 4294 1562 4348 historie
1581 4295 1654 4348 Oiovi
1673 4297 1763 4350 Sancti
1782 4295 1847 4362 (rec.
1867 4299 1963 4350 Snorro

425 4401 505 4456 Sturi.
525 4401 574 4468 tit.)
592 4417 648 4467 cup.
668 4401 740 4469 XVI,
759 4401 813 4452 eive
828 4399 994 4453 Fornmeonu
1014 4398 1108 4469 Sigus,
1126 4400 1184 4452 Voi.
1202 4400 1246 4454 IV.
1257 4419 1282 4468 p.
1295 4405 1337 4455 ⁵5·
1371 4400 1465 4452 Sciit.
1484 4415 1505 4451 e.
1522 4399 1668 4464 Soiliiug
1685 4397 1755 4466 opud
1769 4399 1964 4464 Angiosexoues

420 4506 477 4572 jem
495 4511 570 4557 sexto
588 4505 675 4557 seculo
693 4519 831 4556 oumorunr
852 4509 923 4556 certo
946 4519 1054 4556 numero
1074 4501 1213 4557 indicendo
1231 4503 1394 4572 inserviebat,
1409 4503 1484 4555 eicnti
1502 4500 1648 4569 solidus,
1665 4517 1790 4568 quovooe
1810 4504 1890 4556 istinc
1907 4501 1965 4554 red-

426 4607 505 4676 ditur,
519 4609 545 4660 in
565 4621 661 4673 mogun
678 4605 792 4674 Europen
809 4613 882 4675 porte
895 4607 951 4675 jorn
970 4623 986 4660 ι
1007 4603 1107 4660 decimo
1125 4603 1185 4659 iude
1205 4605 1293 4658 seculo
1314 4603 1452 4660 duodecim
1470 4605 1634 4660 denariorum
1653 4619 1779 4660 summam
1799 4603 1938 4659 indicebat.
