4300 5684
1183 298 1236 376 26

494 515 644 579 Videmus
666 514 771 592 itaque
792 511 873 572 banc
893 509 1034 590 pecunia·
1057 511 1177 590 copiam
1200 527 1262 569 non
1282 515 1354 571 ante
1378 530 1491 572 annum
1514 511 1596 572 1177
1615 516 1708 572 terrae
1729 515 1925 574 commissam
1945 534 2013 576 esse

407 688 513 751 posse,
535 675 567 727 et
588 686 606 727 e
629 665 729 726 numia
750 663 808 724 sub
831 663 924 722 tinem
946 661 1045 722 seculi
1066 660 1243 722 duodecimi
1263 663 1295 722 in
1317 661 1472 742 Norregia
1490 664 1614 724 usitatis
1635 670 1790 725 constare.
1834 666 2011 727 'ferminum

408 840 492 894 vero,
509 824 580 880 ante
600 837 692 897 quem
719 817 752 876 in
780 818 865 873 terra
886 813 1021 892 depositi
1050 831 1120 872 esse
1145 831 1207 872 non
1235 815 1367 893 possint,
1393 814 1437 874 ita
1460 815 1549 874 nobis
1575 815 1796 877 definientibus
1825 836 1887 877 non
1910 817 2010 878 eadem

408 978 458 1034 eat
476 971 610 1034 facultas
631 967 767 1040 termini,
778 969 853 1046 pust
874 983 965 1043 quem
987 964 1047 1026 hoc
1067 964 1186 1025 iactum
1208 983 1278 1025 esse
1296 971 1440 1044 nequeat,
1464 967 1632 1028 statuendi.
1681 969 1708 1028 lt
1729 975 1900 1050 conspectu
1924 987 2013 1048 snpra

407 1125 491 1198 dato,
513 1122 574 1182 hoc
597 1121 646 1182 vel
668 1119 726 1182 sub
751 1119 843 1180 tinem
863 1115 962 1181 seculi
985 1115 1163 1178 duodecimi
1183 1115 1233 1176 vel
1261 1115 1368 1178 seculo
1390 1116 1510 1180 decimo
1536 1119 1630 1180 tertio
1657 1120 1784 1180 ineunte
1809 1120 1924 1180 iactum
1946 1138 2016 1180 csse

407 1274 501 1336 facile
523 1273 719 1353 conjicimus,
743 1269 798 1329 sed
820 1268 960 1328 deiinitio
985 1269 1160 1328 accuratior
1180 1267 1219 1328 ad
1230 1274 1352 1348 tempus
1364 1269 1556 1348 singulorum
1578 1289 1739 1332 numorum
1763 1269 2014 1365 constituendum

410 1445 471 1490 uon
490 1425 577 1504 parvi
598 1427 648 1484 est
671 1420 828 1480 momenti.
877 1419 987 1480 Insunt
1008 1421 1105 1496 numi,
1128 1439 1206 1498 quos
1230 1421 1440 1482 numismatici
1462 1422 1601 1482 nonnulii
1613 1423 1775 1484 Friderico
1789 1422 2014 1498 lucernaria

407 1575 589 1657 imperatori
611 1571 690 1652 (regi
714 1571 796 1632 1212
815 1571 889 1652 imp.
914 1568 1111 1650 unt-125⁰)
1135 1577 1168 1632 et
1188 1571 1327 1633 Henrico
1349 1572 1403 1648 ΙΙΙ,
1429 1573 1548 1653 Angtiae
1574 1575 1641 1654 regi
1662 1572 1874 1654 (immi)
1899 1574 2014 1638 adscri-

410 1731 498 1802 bunt,
518 1725 602 1805 quod
623 1725 651 1786 si
673 1729 761 1786 recte
785 1722 904 1784 iactum
931 1729 991 1797 est,
1018 1724 1201 1804 conjectura
1223 1723 1304 1784 ultra
1325 1743 1437 1786 mnnm
1462 1723 1544 1786 122⁰
1567 1725 1784 1803 progrediatur
1806 1744 1939 1786 necesse
1960 1731 2014 1786 est.

358 1947 361 1953 ,
410 1881 437 1949 Ε
458 1878 641 1942 recensione
663 1894 826 1944 numerum
850 1875 988 1936 subnexa
1014 1873 1118 1936 autem
1141 1875 1212 1936 ilica
1235 1876 1428 1955 conjecturis
1454 1875 1547 1938 modo
1570 1877 1660 1938 nuos
1683 1877 1727 1936 ita
1752 1878 1905 1938 statuisse
1926 1897 2015 1956 appa-

410 2031 502 2098 rebit.
552 2029 653 2108 Quare
674 2027 728 2092 ilia
744 2026 886 2088 deiinitio
908 2043 970 2086 non
991 2025 1148 2105 probibet,
1168 2045 1229 2104 qno
1251 2027 1352 2090 minus
1373 2045 1482 2086 numos
1503 2027 1591 2106 prius
1613 2027 1774 2106 depositos
1797 2047 1868 2090 esse
1891 2047 2015 2090 censea-

411 2201 492 2256 mus,
513 2182 541 2242 si
563 2180 633 2244 tatis
655 2178 819 2244 sententie
842 2195 950 2256 graves
970 2177 1074 2240 adsint
1094 2178 1230 2238 rationes
1237 2198 1246 2252 ς
1267 2181 1300 2238 et
1320 2178 1400 2238 ratio
1425 2179 1502 2239 satis
1529 2180 1630 2257 gravis
1656 2184 1714 2254 est,
1740 2181 1783 2240 in*
1796 2184 1883 2240 tauta
1910 2198 2015 2240 nume

411 2353 480 2393 rum
501 2333 589 2413 copia
609 2351 647 2391 nc
667 2349 763 2392 orrum
784 2329 909 2407 quidem
921 2327 1098 2392 Valdemari
1114 2329 1141 2390 ΙΙ
1163 2329 1267 2390 Daciae
1283 2329 1368 2410 regis
1390 2326 1601 2409 (unua-1242)
1624 2350 1750 2392 numum
1772 2329 1894 2392 adesse.
1938 2331 2015 2394 Huic

410 2487 493 2551 enim
515 2485 582 2563 regi
600 2482 708 2546 multae
729 2500 779 2544 res
804 2500 874 2542 cum
894 2479 1046 2562 Norsegia
1067 2486 1167 2556 eraut,
1188 2482 1308 2560 etipse
1331 2482 1403 2542 anni
1424 2481 1507 2542 12⁰4
1527 2489 1638 2544 astate
1659 2502 1729 2544 cum
1751 2483 1852 2544 classe
1872 2489 1908 2542 et
1930 2501 2015 2544 exer-

412 2638 476 2700 citu
501 2637 534 2698 in
560 2633 715 2712 Norrsgia
740 2631 856 2704 aderat.
920 2625 977 2695 1110
999 2653 1065 2694 acro
1088 2634 1203 2712 itaque,
1228 2651 1289 2711 quo
1310 2633 1412 2692 numis
1433 2633 1607 2713 peregrinis
1630 2634 1723 2696 simul
1745 2654 1815 2699 curn
1837 2635 2015 2696 domesticis

412 2789 591 2860 utebantur,
612 2804 722 2849 numos
750 2785 845 2865 hujus
873 2785 955 2864 regia
982 2786 1015 2846 in
1044 2785 1187 2864 pecunia
1213 2804 1341 2858 sumana,
1367 2803 1447 2862 quoe,
1476 2789 1640 2864 postquam
1666 2786 1700 2846 hi
1725 2787 1758 2848 in
1782 2789 1941 2863 communi
1961 2805 2015 2846 asu

413 2957 484 2999 esse
506 2937 709 3016 incepissent,
731 2935 862 2996 collecta
885 2941 980 3011 esset,
1002 2943 1035 2995 et
1055 2935 1169 2996 multos
1190 2936 1352 3015 regionum
1372 2938 1575 3000 remotiorum
1597 2913 1707 3002 isumus
1730 2939 1919 3012 contineret,
1940 2937 2016 2998 desi·

414 3091 516 3153 denari
538 3091 614 3154 sutis
632 3090 744 3154 mirum
766 3093 861 3153 esset.
932 3085 1108 3153 Valdemari
1129 3086 1157 3146 ΙΙ
1179 3088 1265 3152 numi
1293 3091 1447 3166 preterca
1469 3106 1531 3149 non
1559 3095 1633 3150 sunt
1662 3090 1725 3152 rari
1754 3094 1787 3149 et
1810 3089 1844 3150 in
1866 3089 2016 3168 Norregia

414 3240 529 3319 sepius
549 3257 567 3301 e
589 3245 673 3300 terra
690 3241 876 3314 erutisunt.
923 3212 1029 3316 *Quare
1050 3258 1160 3299 numos
1173 3245 1297 3299 nostros
1320 3258 1381 3299 non
1400 3245 1473 3319 post
1492 3241 1610 3318 primos
1623 3239 1801 3302 Vaidcnaari
1819 3242 1904 3320 regis
1924 3255 2015 3302 annos

414 3401 507 3454 terrae
527 3391 706 3452 commissae
728 3411 797 3452 esse
820 3392 964 3464 arbitror,
986 3397 1019 3450 et
1046 3393 1073 3450 si
1095 3393 1269 3451 bracteatoa
1299 3390 1390 3449 litera
1418 3388 1446 3449 G
1473 3391 1637 3470 insignitos
1665 3391 1831 3455 Guttormc
1861 3396 1930 3472 regi
1949 3409 2014 3454 esse

288 3567 290 3572 ’
413 3541 635 3609 adscribendos
663 3549 750 3602 recte
782 3544 973 3624 conjecerim
1004 3539 1084 3622 (pag.
1113 3539 1167 3620 12)
1194 3561 1273 3602 anno
1302 3542 1385 3600 1204
1412 3541 1461 3600 vel
1490 3541 1571 3602 12⁰5
1601 3543 1748 3605 occultati
1774 3562 1844 3604 esse
1871 3548 2015 3623 possunt3

415 3694 517 3764 nullus
540 3695 623 3756 enim
644 3714 752 3768 numus
775 3695 873 3768 adest,
897 3696 949 3772 qni
968 3693 1052 3774 logio
1075 3694 1168 3753 Btrdi
1189 3694 1254 3754 tilio
1275 3693 1409 3754 adscribi
1431 3711 1525 3772 posse
1554 3694 1705 3768 videatur,
1729 3695 1820 3766 multi
1843 3715 1918 3756 vero
1942 3713 2013 3775 qno·
2059 3695 2062 3702 ’

414 3867 482 3920 rum
509 3865 598 3925 reges
628 3846 768 3924 proxime
795 3846 972 3924 superiores
999 3853 1142 3907 auctores
1167 3864 1236 3906 esse
1262 3844 1429 3904 verisimile
1458 3849 1517 3908 est.
1585 3845 1687 3925 Ipsius
1713 3847 1784 3907 anni
1806 3845 2013 3909 definitionem

415 4003 518 4073 autem
545 4003 688 4074 tanquam
717 3997 928 4076 conjecturam
958 3997 1048 4056 modo
1076 3996 1187 4070 affer03
1217 3995 1273 4055 sed
1303 4015 1412 4058 numos
1444 4015 1505 4058 nou
1532 4002 1606 4076 post
1635 3997 1752 4076 primos
1782 3999 1879 4058 secuti
1907 3997 2013 4064 decimi

415 4150 502 4209 tertii
523 4167 630 4222 annos,
652 4153 685 4207 ct
704 4167 765 4207 non
785 4155 846 4259 tam
872 4167 942 4207 sero
969 4168 1059 4227 quam
1087 4167 1165 4208 anno
1196 4147 1277 4206 122⁰
1302 4153 1385 4207 terra
1414 4147 1538 4208 condita
1568 4168 1649 4223 esse,
1671 4149 1739 4209 iere
1759 4154 1881 4210 certum
1908 4151 2009 4211 habeo.

415 4300 577 4380 Quomodo
616 4300 674 4360 hac
712 4299 866 4360 sententia
905 4301 991 4374 nisus
1031 4301 1132 4361 numis
1172 4298 1302 4379 singulis
1336 4299 1440 4362 locum
1480 4301 1711 4380 assignaverim,
1744 4319 1782 4364 ex
1814 4302 2010 4380 sequentibus

415 4453 586 4535 apparebit.

497 4604 668 4665 Numorum
689 4609 885 4684 repertorum
907 4609 940 4664 et
959 4607 1106 4682 typorum
1127 4603 1320 4666 diversorum
1342 4602 1515 4683 catalogum
1539 4603 1744 4685 descriptioni
1762 4607 1958 4685 premittam.
