4300 5684
14 4503 16 4542 l

943 347 994 428 21

646 557 717 639 58.
766 558 817 620 De
836 565 974 622 monmoe
995 555 1275 640 appellationibus.

243 713 382 796 Majcres
401 713 512 787 nostri,
532 713 615 774 sieut
639 711 745 792 plures
762 713 831 774 alise
848 719 970 792 gentes,
992 711 1135 792 pecunie
1158 709 1400 791 appellationem
1417 727 1435 770 a
1457 708 1579 789 pecude
1599 711 1769 791 petierunt.

161 865 209 926 Fe
230 865 350 928 scilieet
371 870 404 924 et
427 863 581 943 pecudem
603 870 636 926 et
657 865 820 945 pecuniam
841 863 1007 944 siguificat,
1031 867 1065 923 et
1083 863 1226 943 posingr
1250 859 1434 922 nouaclum
1453 861 1568 940 singuli
1592 864 1689 939 numi,
1715 863 1771 924 sed

161 1019 255 1080 etiam
271 1023 405 1078 monete.
423 1021 473 1076 est
491 1015 670 1095 appellatio,
682 1019 716 1075 et
733 1016 766 1076 in
788 1014 941 1096 Norvegia
962 1013 1126 1094 quondam,
1149 1015 1232 1074 sicut
1253 1012 1348 1074 hodie
1367 1013 1402 1073 in
1422 1012 1566 1088 islandia,
1584 1015 1653 1074 aine
1675 1014 1771 1076 dubio

162 1171 255 1232 etiarn
275 1167 428 1249 pecudem
444 1165 609 1229 indicabat.
651 1166 729 1228 Haee
750 1165 833 1246 apud
843 1166 940 1248 hujus
957 1167 1015 1226 aevi
1038 1166 1209 1246 scriptores
1232 1169 1367 1226 monetae
1380 1168 1431 1225 est
1451 1163 1618 1244 appellatio
1640 1167 1770 1228 maxime

160 1321 311 1402 vulgariae
335 1337 554 1398 nonnunqum
572 1318 666 1378 etiam
688 1317 783 1396 eyrr‘r,
806 1317 845 1378 ab
863 1336 918 1397 ῳ
941 1314 1014 1398 (aes)
1033 1317 1217 1392 derivatum,
1239 1315 1425 1397 appelletur,
1452 1317 1540 1376 etin
1566 1315 1635 1398 lege
1665 1316 1771 1399 Magni

161 1471 298 1552 llaqniui
321 1471 365 1533 lil.
394 1469 554 1532 Gulensi*
589 1474 714 1530 moneta
742 1468 852 1548 atedjc
889 1465 1031 1550 (proprie
1065 1469 1167 1544 incus,
1197 1467 1310 1528 deinde
1344 1467 1482 1543 cilicina,
1515 1467 1651 1530 domasse
1678 1465 1771 1530 etiam

161 1621 295 1703 cuneus)
318 1623 445 1684 dicitur.
512 1620 644 1681 Ineunte
668 1621 794 1682 tandem
820 1618 927 1680 seculo
948 1618 1069 1682 decimo
1096 1625 1207 1698 quarto
1228 1618 1280 1680 rel
1302 1617 1395 1699 paulo
1416 1620 1569 1680 maturius
1589 1619 1772 1680 vocabulum

161 1771 256 1855 Mpnt
276 1775 411 1836 civitatis
429 1775 504 1856 jure
525 1773 558 1834 ln
580 1771 685 1852 lingua
704 1773 869 1854 norvagica
887 1771 1035 1834 donatum
1052 1777 1117 1846 est;
1134 1772 1166 1831 in
1187 1770 1308 1852 legibus
1332 1774 1365 1830 et
1385 1769 1487 1831 literis
1512 1769 1648 1850 llaqulni
1667 1769 1771 1851 Magni

161 1926 204 1988 lil.
216 1933 251 1987 et
272 1944 491 1988 successorum
511 1925 595 1986 enim
614 1924 739 2004 legitur.

245 2078 316 2155 Quo
334 2095 409 2138 vero
431 2076 556 2137 nemim
574 2077 660 2137 numi
681 2075 748 2136 cavi
767 2093 793 2136 ι.
817 2075 996 2136 bractestia
1014 2073 1184 2155 majoribus
1206 2072 1323 2134 nostris
1344 2049 1586 2152 sppellarenlur,
1607 2079 1772 2154 procerte

160 2235 301 2293 statuere
320 2247 458 2309 nequem
477 2227 678 2289 verisimilem
697 2233 801 2288 tamen
819 2227 878 2289 lrac
899 2227 939 2289 de
957 2243 994 2286 re
1016 2225 1230 2306 conjecturam
1256 2243 1319 2286 uon
1340 2243 1468 2304 possum
1496 2243 1559 2286 non
1585 2243 1772 2306 preponere.

158 2383 197 2444 R.
225 2381 359 2462 lleyser,
384 2381 526 2441 historice
558 2380 721 2461 professor
748 2379 959 2452 doctissimus,
988 2377 1026 2438 ad
1050 2377 1097 2438 rei
1118 2376 1189 2437 vilis
1218 2375 1469 2455 appellationem,
1492 2396 1561 2456 quar
1590 2377 1623 2437 in
1651 2376 1773 2458 legibus

160 2533 326 2614 Norvegite
344 2534 477 2594 vetustis
505 2551 725 2611 nonnunquam
749 2529 897 2605 occurrit,
923 2531 1058 2591 animum
1084 2547 1187 2590 meum
1213 2527 1358 2604 advertit,
1385 2527 1514 2604 addens,
1536 2548 1554 2589 c
1574 2524 1772 2589 contestibus

159 2686 314 2761 locorum,
340 2686 395 2746 ubi
416 2691 528 2760 exstat,
553 2683 698 2746 concludi
721 2701 826 2764 posse,
855 2700 984 2762 parrum
1014 2679 1175 2741 cumulum
1196 2697 1234 2740 eo
1265 2679 1443 2760 significari.
1504 2678 1697 2741 Vocabulum
1724 2685 1774 2739 est

160 2838 270 2912 meite,
300 2836 384 2916 quod
409 2837 524 2918 legitur
548 2855 597 2897 eu.
622 2855 668 2916 gr.
696 2835 729 2894 iu
758 2833 836 2912 legis
862 2833 1045 2894 Frostensia
1075 2827 1433 2913 (Frcatetlringslovens)
1464 2832 1645 2892 vetustioris
1674 2833 1772 2912 partis

160 2989 264 3053 xvtae
284 3009 351 3069 cap.
373 2989 477 3064 dimo,
505 2989 559 3049 ubi
580 3004 683 3048 sermo
703 2989 753 3045 est
778 2983 817 3044 de
842 2984 941 3065 penis
967 2984 1055 3050 furti.
1119 2983 1242 3044 Diversi
1266 2983 1311 3044 ibi
1338 3001 1437 3062 poenoe
1465 2982 1579 3062 gradum
1603 2982 1773 3044 secundum

160 3143 207 3202 rei
235 3147 389 3220 surreptae
422 3140 559 3220 pretium
588 3115 833 3213 constituuntur,
863 3141 896 3197 et
920 3142 993 3216 post
1012 3154 1143 3216 poenam,
1169 3135 1196 3195 si
1215 3137 1271 3194 res'
1289 3138 1433 3213 surrepta
1458 3134 1577 3213 iirtugee
1598 3136 1693 3214 pretii
1713 3140 1773 3208 est,

162 3312 266 3354 sermo
289 3297 339 3352 est
360 3291 399 3352 de
419 3311 518 3372 patna,
541 3309 611 3370 quer
628 3291 794 3370 irrogatur,
816 3289 844 3350 ai
865 3307 917 3349 res
940 3293 1085 3366 surrepta
1109 3287 1208 3346 toeite
1234 3285 1337 3378 pretio
1366 3290 1478 3363 aequat,
1499 3285 1591 3366 cujus
1614 3286 1662 3346 rei
1690 3286 1774 3346 nulls

162 3446 221 3508 elia
250 3463 339 3524 poene
370 3445 528 3518 statuitur,
556 3459 647 3520 quam
673 3446 710 3502 ut
736 3441 834 3502 cuivis
858 3438 961 3500 furem
986 3436 1098 3498 Hcinn
1124 3436 1159 3519 (i.
1185 3455 1212 3498 e.
1241 3432 1457 3516 furunculum)
1484 3435 1641 3516 appellare
1669 3435 1772 3496 liceat.

162 3598 233 3659 lluc
255 3598 282 3656 ai
305 3596 456 3670 addimus,
485 3594 616 3654 Batavos
647 3590 793 3673 (quorum
817 3591 922 3672 lingue
950 3589 1093 3672 ejusdem
1119 3608 1191 3650 cum
1217 3589 1381 3669 norvegica
1404 3592 1454 3647 est
1481 3585 1624 3668 originis)
1647 3605 1773 3648 numum

164 3768 256 3811 sunm
279 3749 450 3821 minimum,
472 3747 525 3825 qni
547 3751 655 3806 octava
674 3763 747 3825 pars
770 3751 821 3804 est
843 3745 929 3803 numi
951 3742 1061 3803 ordine
1084 3741 1217 3821 proximi
1236 3737 1394 3820 (cmiter),
1419 3739 1491 3800 duit
1511 3738 1679 3820 appellare,
1700 3759 1773 3818 pro-

164 3920 238 3962 num
258 3904 308 3960 est
328 3898 366 3960 ad
386 3897 627 3982 conjiciendum,
646 3897 823 3958 bracteatus
844 3894 1027 3976 norvegicos
1049 3893 1193 3954 minimos
1211 3891 1310 3951 tceite
1331 3891 1432 3952 fuisse
1455 3889 1627 3972 appellatos
1640 3887 1673 3968 †.

248 4051 373 4112 Nullam
403 4051 509 4128 ltaque
538 4048 730 4129 singulorum
762 4066 925 4108 nemorum
957 4045 1198 4126 appellationem
1227 4047 1346 4123 praeter
1372 4043 1496 4124 peraing
1525 4038 1714 4122 (denarium)
1741 4047 1773 4102 et

171 4281 426 4294 ’.-

201 4445 216 4478 *
236 4444 497 4512 Manhelge-Balken,
518 4459 574 4512 cap.
590 4443 635 4498 lv.

200 4547 268 4614 †ln
288 4548 345 4612 lege
362 4545 480 4600 lalandiae
497 4553 592 4614 vetere,
611 4545 712 4612 Grdgis
732 4542 812 4612 dicta,
826 4543 869 4598 lib.
891 4543 963 4608 Vlll,
982 4558 1038 4609 cap.
1059 4545 1118 4610 114,
1138 4542 1217 4594 etiam
1240 4540 1378 4592 tveitarum
1402 4537 1460 4591 talis
1482 4539 1511 4590 tit
1536 4539 1642 4606 mentio,
1657 4543 1687 4590 nt
1701 4552 1773 4590 oram

233 4652 267 4702 48
284 4651 367 4703 tveitis
381 4649 477 4703 saltem
495 4650 552 4718 plor
569 4648 678 4702 valuisse
695 4653 827 4716 appareat.
861 4646 914 4700 cir.
934 4645 1044 4714 Grdgds,
1061 4645 1170 4699 Havnise
1192 4645 1267 4710 leae,
1284 4644 1327 4712 lo,
1347 4641 1379 4695 P.
1398 4641 1433 4710 ll,
1449 4657 1474 4708 p.
1496 4644 1544 4696 171
1556 4655 1609 4708 sqv.
