4300 5684
936 343 990 422 17

242 557 477 618 Bractcatorunu
489 555 678 636 magnitudo,
700 573 762 636 quo
784 556 881 636 magia
904 574 1014 618 versus
1026 557 1272 637 septentrionem
1294 561 1367 618 aunt
1380 558 1459 631 cusi,
1481 574 1520 618 eo
1541 557 1638 637 magia
1661 555 1769 616 decre-

161 709 245 770 visse
276 709 414 784 videtur3
442 713 479 768 ut
511 707 613 769 danici
644 708 788 770 nimirum
822 709 1006 788 germanicia
1039 714 1114 769 sunt
1147 710 1295 784 minores,
1327 710 1371 769 ita
1398 707 1514 768 svecici
1548 714 1581 769 et
1613 709 1770 788 norvegici

160 879 300 942 magnam
322 864 443 940 partem
462 859 580 920 danicis
602 865 676 920 sunt
695 861 842 920 minores.
886 859 996 940 Typua
1016 878 1124 920 eorum
1145 861 1177 920 in
1197 860 1351 941 Norvegia
1369 858 1458 920 valde
1479 859 1668 920 multifarius
1691 865 1769 932 erat,

161 1031 220 1074 uec
240 1011 452 1091 descriptione
473 1017 556 1092 eget,
577 1031 671 1091 quum
691 1011 804 1072 nbula
822 1011 896 1072 huic
913 1009 1197 1073 dissertatiunculae
1219 1029 1347 1072 annexae
1367 1011 1482 1073 multos
1501 1012 1655 1072 variorum
1676 1016 1769 1090 typos

161 1165 201 1225 ob
223 1163 333 1224 oculos
351 1164 472 1225 sistant.

634 1388 654 1470 §
673 1391 704 1450 7.
747 1389 798 1450 Dc
820 1395 957 1450 monetae
974 1389 1115 1470 pondere
1133 1397 1165 1452 ot
1181 1391 1298 1451 colore.

242 1541 379 1622 Haquini
411 1541 489 1604 Maii
521 1540 584 1622 (val
617 1539 712 1620 Boni)
748 1548 882 1604 monetae
914 1542 975 1601 tria
1009 1543 1151 1623 exempla
1177 1543 1236 1604 cel.
1274 1542 1390 1604 Romus
1423 1543 1542 1604 trutina
1574 1542 1768 1613 examinavit,

159 1713 331 1773 eorumque
352 1693 490 1775 pondera
511 1693 584 1775 382,
604 1693 667 1775 893
688 1697 721 1754 et
739 1693 782 1754 48
807 1692 934 1754 Eschen
962 1697 1034 1755 stat.
1063 1695 1176 1770 colon„
1203 1695 1276 1778 top,
1297 1694 1340 1756 37
1362 1699 1395 1756 et
1419 1694 1461 1756 dd
1481 1713 1567 1756 asses
1590 1698 1661 1754 stat.
1681 1709 1767 1752 norv.

160 1847 324 1927 aequantia,
353 1846 482 1920 invenit,
513 1845 596 1924 quod
625 1845 748 1926 pondus
775 1863 834 1906 nec
860 1845 920 1905 sibi
944 1850 1077 1921 constat,
1108 1808 1166 1907 uec
1200 1866 1271 1908 eum
1298 1846 1437 1928 pondere
1468 1849 1603 1908 monetas
1630 1843 1768 1923 Angiiovc

159 2017 274 2070 ccacvae
295 1994 402 2077 (cujus
423 1995 599 2076 exemplum
623 1995 778 2076 singulum
801 1994 843 2056 26
867 2015 953 2056 asses
972 1996 1042 2057 iere
1068 1997 1171 2077 pondo
1193 1994 1257 2078 est)
1275 2017 1333 2058 nco
1357 2017 1427 2058 cum
1450 2000 1622 2076 systemate
1642 2001 1768 2056 staterae

161 2149 334 2228 norvegicve
356 2153 431 2207 tunc
450 2149 601 2227 temporis
617 2148 742 2209 usitatae
761 2149 916 2208 convenit.
966 2147 1085 2223 Solum,
1106 2149 1188 2229 quod
1206 2169 1340 2229 unquam
1351 2150 1498 2224 innotuit,
1519 2149 1609 2211 Olavi
1631 2147 1768 2227 Tryggvi

159 2301 204 2362 fit.
220 2305 360 2398 'monetat
381 2299 556 2380 exemplum
577 2299 683 2361 secuto
710 2300 850 2381 proxima
872 2305 981 2360 exacto
1008 2300 1056 2359 vir
1079 2299 1203 2378 quidam
1230 2302 1263 2360 in
1287 2299 1398 2362 Svecia
1421 2301 1585 2380 possessit,
1609 2299 1665 2360 sed
1694 2316 1767 2378 per-

159 2451 259 2513 ditum
280 2456 340 2525 est,
362 2469 422 2512 nec
445 2450 567 2530 pondua
588 2453 670 2532 ejus,
693 2455 842 2530 quantum
863 2451 946 2526 novi,
968 2451 1184 2512 examinatum.
1228 2451 1348 2512 Numus
1365 2452 1453 2514 Erici
1475 2449 1651 2513 comitisffi
1669 2449 1766 2510 Esch.

159 2603 220 2665 col.
243 2623 268 2664 s.
290 2603 352 2684 24}
385 2621 445 2663 ιιι.
468 2621 554 2662 norv.
575 2602 697 2682 pondus
715 2603 821 2664 habet.
882 2601 1011 2664 Mcueta
1037 2602 1143 2683 Magni
1170 2604 1250 2665 Boni
1279 2606 1444 2687 norvagica
1469 2604 1553 2666 haud
1581 2602 1674 2663 dubie
1696 2621 1767 2662 cum

158 2755 269 2817 danica
293 2753 392 2834 ipsius
415 2759 549 2828 moneta,
579 2773 648 2832 quae
675 2753 789 2815 Canuti
814 2759 970 2816 monetam
991 2754 1130 2835 pondere
1159 2763 1273 2836 aequat,
1300 2758 1456 2818 convenit.
1517 2755 1652 2835 Propter
1671 2753 1766 2814 hasce

156 2905 305 2988 ponderis
322 2905 355 2964 in
376 2905 477 2965 numia
501 2905 614 2984 priscis
636 2904 880 2982 vicissitudines,
902 2923 1072 2984 eorumque
1092 2907 1262 2982 raritatem,
1276 2908 1334 2969 cet.
1356 2908 1473 2969 Romus
1493 2907 1635 2988 conjicit,
1658 2923 1766 2966 eorum

159 3077 322 3120 numerum
342 3055 435 3116 modo
453 3075 580 3135 parvum
597 3074 668 3116 csse
689 3075 809 3132 cusum,
827 3075 980 3138 regesque
1001 3075 1067 3134 cos,
1093 3077 1155 3119 non
1179 3059 1368 3120 necessitate
1386 3064 1522 3134 coactos,
1543 3078 1638 3138 quum
1657 3075 1766 3118 numo-

158 3230 229 3272 rum
246 3208 481 3289 peregrinorum
500 3209 577 3269 satis
605 3208 742 3284 adesset,
768 3210 824 3271 sed
854 3215 890 3270 ut
915 3209 1047 3272 aliorum
1075 3210 1251 3290 principum
1282 3210 1424 3291 exemplo
1455 3211 1605 3291 imagines
1636 3229 1708 3270 suas
1734 3209 1767 3268 in

158 3363 261 3423 numia
283 3365 467 3442 apparentes
486 3358 628 3421 videntes
649 3363 778 3423 vanitati
802 3361 1030 3436 satisfacerent,
1055 3360 1221 3442 signandos
1244 3381 1380 3424 curasse.
1447 3363 1551 3442 Quum
1572 3365 1712 3422 ceterum
1733 3360 1767 3419 iu

158 3515 293 3595 pecunia
319 3511 467 3574 solvenda
490 3511 570 3573 libra
595 3513 711 3574 bilanci
736 3531 859 3593 semper
877 3517 1054 3588 uterentur,
1082 3513 1190 3594 quanti
1216 3514 1364 3594 ponderis
1390 3513 1503 3594 singuli
1533 3513 1618 3575 numi
1647 3515 1765 3584 essent,

158 3664 275 3725 nullius
298 3663 367 3723 iere
389 3664 540 3724 momenti
560 3668 637 3726 crat.

248 3814 388 3876 canutus
407 3833 462 3876 rex
481 3816 514 3876 iu
530 3816 671 3897 Augiiam
689 3819 896 3890 transvectus,
907 3820 1041 3876 monetas
1052 3820 1190 3894 systema
1210 3817 1339 3892 invenit,
1356 3816 1527 3878 secundum
1548 3814 1667 3894 quode
1687 3813 1768 3876 libra

159 3989 185 4030 ι.
208 3967 374 4028 duodecim
399 3969 500 4028 unciis
530 3968 652 4047 argenti
674 3967 738 4028 240
760 3965 880 4027 denarii
904 3967 1159 4042 conficiebantur,
1185 3974 1219 4029 et
1242 3988 1337 4047 quum
1356 3969 1474 4042 Manca,
1500 3985 1590 4046 quam
1618 3966 1766 4046 ponderis

158 4119 297 4200 regulam
316 4138 334 4179 e
356 4119 453 4180 Dauia
475 4118 590 4194 attulit,
603 4125 675 4180 octo
696 4125 816 4180 tantum
838 4120 902 4180 oris
925 4139 951 4182 ι.
972 4121 1105 4181 unciis*
1128 4125 1298 4195 constaret,
1319 4120 1414 4182 besse
1436 4121 1541 4198 itaque
1563 4119 1766 4198 minorquam

190 4443 206 4476 *¹
225 4439 299 4496 ”vna
315 4443 393 4496 Mart
413 4439 465 4495 v'vaa
484 4459 502 4496 a
517 4441 615 4496 Dauish
635 4442 712 4516 mode
730 4444 761 4498 oi
773 4447 966 4514 computation”
985 4474 1019 4484 -
1035 4443 1267 4513 Ruding,Anna1s
1288 4445 1319 4498 oi
1332 4442 1377 4497 the
1391 4445 1500 4509 coinage
1519 4443 1551 4496 oi
1563 4443 1644 4495 Great
1660 4443 1769 4508 Britain,

225 4545 283 4600 Vol.
303 4547 324 4598 1.
342 4564 366 4614 p.
383 4551 443 4599 307.
477 4547 557 4599 Ovem
576 4549 703 4600 Dacicam
721 4553 748 4602 ct
765 4551 869 4601 nnciam
890 4549 1035 4615 Angiicam,
1053 4549 1080 4600 iu
1103 4551 1218 4616 pecunie
1241 4549 1333 4600 saitem
1352 4549 1555 4615 computatione,
1573 4546 1683 4611 aquaist
1699 4547 1767 4598 osti-

226 4655 308 4702 mataa
323 4649 410 4717 tuisse,
434 4649 481 4702 cci.
500 4649 608 4716 Rudiug
631 4651 745 4718 pluribus
764 4651 887 4718 exemptis
909 4651 1053 4718 coufirmat,
1077 4651 1149 4704 locos
1173 4651 1271 4704 scilicet
1289 4657 1404 4705 veterum
1425 4649 1595 4719 diplomatum
1612 4650 1702 4715 citans,
1722 4649 1766 4702 ubi
