4300 5684
1194 323 1222 410 6

578 539 597 600 1
619 559 750 602 mercum
768 545 831 602 vet.
853 540 947 604 Norv.
969 542 1076 602 :¹14
1093 541 1186 605 Loth.
1205 543 1247 626 η
1270 543 1383 621 Qveut.
1406 564 1439 625 p.
1461 543 1529 606 Col.

576 690 700 752 lorum
789 729 803 738 -
887 727 901 738 ·
966 694 1073 752 :1
1145 693 1222 754 -8
1309 731 1322 741 -
1369 694 1554 777 erpennio.

576 841 800 922 lirtugom-
883 877 897 890 -
964 863 1068 904 :s
1142 844 1218 904 -2
1306 846 1429 928 493
1489 881 1502 892 .

576 993 800 1072 lpeningnm-
883 1029 896 1039 -
967 1013 1016 1052 2:
1063 1023 1071 1057 ς
1146 1030 1159 1041 -
1202 1016 1211 1056 s
1305 1031 1319 1042 -
1366 995 1427 1078 164
1487 1032 1501 1042 -
1525 1015 1549 1055 s.
1571 993 1703 1079 lignes.
1716 1015 1746 1078 p.
1760 996 1894 1058 Norv.*.

492 1140 569 1202 Haec
590 1143 697 1204 eodem
715 1143 862 1222 ponderis
882 1146 963 1206 sotio
982 1145 1138 1226 aliquanto
1159 1151 1232 1226 post
1252 1147 1375 1208 initium
1394 1147 1492 1208 seculi
1512 1146 1622 1208 decimi
1643 1148 1724 1207 serti
1748 1148 1898 1208 mansisse
1915 1147 2002 1207 vide-

411 1297 471 1354 tnr.
523 1293 601 1354 Nom
626 1295 658 1354 in
676 1293 780 1397 literis¹
805 1313 883 1356 enno
910 1295 992 1356 150⁰
1017 1317 1035 1358 e
1061 1315 1135 1376 rege
1162 1296 1331 1358 Fredcrico
1360 1298 1459 1377 primo
1487 1297 1566 1358 detis
1600 1297 1641 1358 43
1667 1299 1835 1358 semunciae
1857 1297 2002 1378 ponderis

410 1444 528 1522 antiqui
555 1444 650 1506 Norv.
675 1444 758 1506 idem
783 1464 818 1506 sc
842 1445 884 1506 39
910 1448 1083 1508 semuncias
1111 1447 1220 1510 Colon.
1247 1447 1384 1527 pendere
1406 1447 1595 1526 dicuntur†.
1663 1447 1904 1529 computatione
1922 1447 2003 1508 lucto

409 1594 530 1675 pondus
551 1595 644 1655 Norv.
663 1595 850 1674 aliquantum
869 1597 968 1658 levius
988 1599 1122 1678 quidem,
1143 1618 1232 1679 quem
1253 1619 1346 1680 supro
1365 1599 1501 1674 ullotnm,
1523 1601 1593 1674 erit,
1605 1599 1661 1661 sed
1680 1605 1743 1660 tem
1763 1598 1866 1680 peullo
1879 1605 1915 1658 ut
1935 1599 2003 1660 haec

409 1743 571 1806 diminutio
592 1747 722 1807 fortuito
748 1766 818 1808 esse
839 1749 950 1827 possit,
972 1750 1032 1810 nisi
1060 1748 1189 1810 credere
1205 1751 1311 1825 moris,
1329 1753 1587 1831 computationem
1611 1751 1643 1810 io
1673 1749 1774 1810 literis
1797 1752 1864 1830 jem
1884 1769 2001 1812 memo-

409 1896 484 1955 retis
509 1897 681 1958 institutum
710 1917 772 1964 uon
802 1900 924 1960 omuino
952 1906 1125 1961 occurotom
1152 1921 1232 1962 esse.
1298 1903 1388 1962 Anno
1410 1899 1489 1961 1541
1516 1901 1641 1961 tondem
1667 1899 1863 1962 Christianus
1890 1903 2001 1962 tertius

409 2047 558 2127 proecepit
575 2048 694 2129 pondus
716 2051 875 2129 antiquum
897 2049 990 2112 Noto.
1010 2052 1044 2112 in
1062 2057 1183 2113 nnroet
1197 2057 1323 2132 argento
1342 2051 1544 2133 appendendo
1564 2071 1635 2114 esse
1647 2051 1863 2132 *sbrogundnm
1880 2058 1914 2113 ct
1932 2054 2001 2133 ejus

407 2195 476 2256 loco
495 2198 615 2276 pondus
640 2198 826 2261 coloniense
848 2219 919 2260 csse
938 2201 1149 2283 recipiendum
1162 2201 1210 2261 **.

641 2426 661 2507 §
681 2428 712 2489 2.
762 2426 811 2487 De
827 2447 889 2489 usu
906 2429 1102 2491 metallorum
1120 2435 1245 2490 vetusto
1267 2430 1301 2489 in
1316 2430 1436 2510 pretiis
1459 2449 1564 2489 rcmm
1584 2428 1754 2490 solvendis.

485 2578 576 2640 More
599 2595 703 2638 rerum
731 2580 832 2659 pretio
858 2599 932 2640 suro
957 2586 989 2641 et
1018 2587 1144 2661 urgento
1176 2579 1317 2641 solvendi
1345 2582 1478 2661 primum
1506 2589 1645 2662 recepto,
1680 2581 1839 2642 metellum
1864 2583 2000 2664 majores

405 2729 505 2788 nostri
530 2729 646 2789 trutina
671 2748 851 2809 appensum,
878 2731 960 2791 sicut
978 2731 1030 2792 slii
1056 2731 1161 2812 populi
1191 2732 1353 2792 inertium
1371 2730 1511 2807 inieritis,
1531 2732 1677 2793 vendenti
1699 2733 1820 2794 solvere
1847 2733 2000 2796 solebant.

403 2878 489 2940 Auro
512 2879 545 2940 io
563 2881 677 2961 virgum
699 2886 838 2943 extructo
860 2887 893 2942 et
912 2884 945 2943 iu
962 2883 1067 2944 annuli
1093 2883 1243 2963 simplicis
1266 2883 1315 2944 vel
1338 2883 1456 2964 pluries
1484 2883 1700 2946 circumvoluti
1725 2884 1856 2945 formum
1885 2885 2000 2946 inflexo

404 3027 496 3109 (quos
517 3032 645 3093 annulos
667 3031 780 3142 ⁶⁰²ng
799 3032 841 3112 pl.
865 3030 990 3114 tangar
1010 3031 1174 3112 vocabunt)
1195 3035 1372 3095 utebantur.
1415 3035 1482 3096 llos
1506 3034 1556 3095 vel
1577 3039 1661 3096 totos
1694 3035 1744 3096 vel
1764 3043 1869 3117 portes
1891 3057 2000 3099 eorum
2077 3099 2081 3112 ,

402 3180 554 3244 abscissus
574 3185 718 3246 vendenti
736 3183 959 3264 appendebant.
1007 3184 1146 3264 Argenti,
1172 3205 1231 3265 qvo
1253 3185 1347 3246 simili
1367 3186 1488 3246 ratione
1509 3186 1689 3260 utebantur,
1709 3185 1818 3248 formes
1837 3196 1929 3249 erunt
1950 3189 1997 3249 rel

402 3350 511 3392 mossae
523 3333 573 3394 vel
585 3336 688 3396 onuuli
706 3336 754 3396 vel
767 3339 945 3396 ornaments
963 3335 1114 3412 obsoleto,
1133 3345 1290 3416 postremo
1313 3338 1397 3399 numi
1416 3337 1583 3418 peregrini,
1596 3336 1824 3417 onglosoxooici
1844 3341 1997 3420 imprimis

402 3488 435 3542 et
456 3487 622 3562 germanici
632 3485 689 3566 ††.
731 3486 824 3548 Numi
845 3485 1041 3563 Semenidici‚
1062 3494 1192 3567 qnorum
1214 3507 1320 3568 magno
1343 3489 1433 3568 copie
1454 3489 1600 3549 interris
1621 3489 1704 3549 circo
1724 3509 1807 3550 more
1827 3490 1998 3553 belthicum

401 3633 470 3696 sitis
496 3637 611 3718 sepius
638 3644 726 3700 eruto
749 3643 808 3714 est,
839 3641 873 3699 in
899 3637 1052 3720 Norvegie
1081 3658 1151 3700 roro
1179 3641 1387 3721 reperiuntur.
1451 3639 1542 3700 Aeris
1569 3639 1601 3699 in
1629 3639 1739 3718 pretiis
1768 3639 1923 3702 solvendis
1946 3643 1996 3703 rix

396 3851 620 3867 Μ

431 4014 445 4040 i
461 4016 644 4070 Annotondnm
663 4024 710 4084 est,
726 4025 848 4073 steteram
865 4021 1037 4086 argenteriam
1055 4019 1193 4086 Norvegie
1213 4018 1364 4073 hodiernum
1387 4018 1497 4073 eundem
1522 4035 1577 4072 esse
1600 4036 1631 4073 sc
1654 4020 1842 4086 coloniensem,
1867 4027 1893 4075 et
1914 4021 1993 4076 modo

464 4121 489 4171 in
512 4118 775 4174 distributionc'illius
797 4121 925 4189 ponderis,
945 4121 1015 4188 quod
1038 4120 1187 4178 chntchen
1209 4123 1264 4175 Col.
1285 4124 1390 4178 Quintio
1410 4124 1491 4178 Norv.
1513 4124 1664 4192 appelletur,
1686 4120 1803 4186 differret
1826 4125 1918 4180 orent.
1937 4126 1992 4177 Col.

463 4223 530 4274 euim
550 4223 576 4274 in
593 4225 628 4275 08
645 4221 747 4276 Escheu
766 4241 787 4277 s.
806 4241 882 4292 usses,
902 4227 988 4282 Quint
1007 4227 1087 4278 Norv.
1106 4225 1132 4276 in
1151 4229 1185 4277 64
1202 4241 1269 4277 esses
1287 4222 1454 4278 distribuitur.

430 4325 448 4390 †
465 4325 516 4376 Cir.
535 4327 679 4392 Snmlinger
695 4327 723 4378 til
743 4325 788 4380 det
801 4329 894 4380 norsle
913 4329 993 4380 Folle
1008 4341 1043 4393 og
1063 4329 1160 4395 Sprogs
1178 4329 1300 4396 Historie‚
1317 4327 1350 4380 T.
1365 4329 1409 4380 Vl.
1425 4344 1450 4394 p.
1465 4331 1508 4384 25.

421 4424 450 4452 nn-
465 4427 517 4480 clr.
531 4429 633 4480 Densis
651 4429 781 4496 Magdalu,
799 4429 832 4482 Τ.
851 4430 883 4483 V.
901 4446 925 4497 p.
942 4433 1001 4484 2⁶1.

411 4531 447 4598 st
463 4529 575 4595 Magnus
591 4531 681 4583 toltum
704 4547 841 4585 nnmornm
865 4548 986 4586 numerus
1010 4547 1078 4584 enno
1099 4535 1165 4584 1836
1191 4533 1217 4584 ἰιι
1235 4533 1368 4599 Norvcgis
1392 4539 1506 4602 repertus
1530 4540 1577 4600 est,
1597 4550 1662 4600 quos
1687 4531 1873 4601 scriptiunculis
1898 4529 1990 4584 sende-

461 4634 533 4685 micis
553 4649 639 4687 mense
655 4635 753 4688 Novbr.
772 4638 838 4689 1836
854 4641 881 4689 ct
898 4651 984 4692 menso
1001 4635 1061 4688 Jon.
1081 4637 1148 4688 1⁸³7
1164 4635 1238 4689 editis
1257 4634 1385 4704 descripsi.
