4300 5684
933 383 989 466 13

799 596 986 659 &dommus
1007 597 1127 680 (lm).

257 749 363 826 Pauci,
397 750 450 830 qni
475 749 523 812 lit.
558 747 587 811 (i
617 749 796 830 inscriptam
829 749 955 827 habent,
988 749 1013 826 l,
1044 749 1081 812 0.
1114 755 1146 811 ιι.“
1165 749 1204 812 Ν.
1224 749 1265 812 13
1297 748 1326 813 dr
1353 752 1403 827 14,
1433 751 1507 814 hnic
1533 756 1599 836 regi
1622 753 1756 818 adscribi

165 901 333 982 possunt*.

247 1049 440 1128 ceterorum,
459 1053 512 1132 qni
530 1052 552 1113 Ι.
579 1033 662 1128 1,'c‚
688 1058 902 1127 recensentur,
928 1053 1070 1133 plerique
1099 1053 1206 1114 seculo
1220 1053 1410 1115 duodecimo
1431 1057 1557 1116 exeunti
1577 1056 1626 1117 rel
1647 1058 1754 1138 primis

165 1204 262 1265 meoli
284 1203 396 1265 decimi
414 1204 500 1264 tertii
523 1203 610 1265 annis
634 1203 822 1264 attribuendi
846 1207 928 1264 sunt.

653 1429 672 1511 δ
693 1433 724 1491 4.
772 1430 822 1492 De
837 1433 917 1510 jure
936 1437 1071 1492 monetur
1082 1431 1259 1510 ferianda.

244 1583 313 1644 Hoc
336 1584 391 1664 jns
421 1601 516 1662 penes
543 1583 715 1663 principem
747 1582 847 1643 solum
878 1588 957 1657 erat,
991 1584 1130 1662 exceptis
1164 1585 1284 1645 dnobus
1312 1583 1462 1664 temporis
1491 1584 1610 1664 spatiis,
1642 1586 1754 1664 quibus

162 1735 254 1796 etiam
273 1733 525 1815 archiepiscopus
547 1733 758 1796 Nidrosiensia
780 1732 890 1794 eodem
910 1733 1081 1794 fruebatur.
1143 1735 1303 1815 llaquinus
1328 1735 1464 1814 Haqului
1490 1734 1573 1796 lilius
1598 1755 1652 1796 rex
1675 1736 1754 1797 llut-

162 1891 264 1946 tormo
286 1885 520 1967 archiepiscopo
542 1887 602 1948 hoc
619 1888 675 1968 jas
697 1885 863 1959 concessit,
887 1881 915 1945 dr
937 1886 969 1946 in
989 1886 1089 1946 literis
1112 1887 1325 1986 ¹concussionis
1353 1905 1392 1946 ne
1412 1886 1507 1946 verbo
1531 1885 1654 1964 quidem
1675 1887 1754 1947 indi-

163 2042 223 2111 cat,
246 2035 328 2097 hunc
350 2037 443 2098 simili
460 2038 534 2119 jure
559 2041 649 2097 antea
668 2055 759 2096 usum
778 2035 921 2116 fnisse†.
964 2035 1033 2096 lloc
1052 2037 1106 2117 jus
1125 2037 1376 2118 posteaMagnns
1397 2056 1462 2112 rer,
1480 2036 1755 2115 qunmlolrannem

163 2187 429 2269 archiepiscopum
450 2189 511 2249 sibi
531 2205 610 2248 anno
630 2185 711 2248 1277
731 2185 922 2267 Tunsbergis
949 2187 1193 2262 reconciliasset,
1214 2189 1264 2249 his
1288 2187 1390 2249 verbis
1417 2188 1532 2248 sanxit:
1560 2187 1658 2249 ''ltem
1681 2207 1755 2250 con-

162 2339 258 2400 cessit
279 2336 362 2421 (rex)
383 2338 465 2417 quod
485 2337 579 2401 liceat
599 2338 722 2399 domino
744 2338 979 2418 archiepiscopo
1000 2337 1114 2399 habere
1134 2339 1405 2413 unumlrominem,
1421 2338 1474 2418 qui
1490 2337 1583 2398 cudat
1600 2338 1754 2415 denarios,

162 2495 255 2572 prout
276 2491 382 2551 littera
403 2509 459 2551 sua
477 2509 572 2569 snper
589 2488 650 2550 lroc
669 2488 812 2550 confecta
831 2489 1044 2568 testatur**,”
1066 2495 1099 2550 et
1119 2489 1210 2570 panlo
1233 2493 1305 2570 post
1322 2489 1432 2550 eodem
1454 2507 1533 2550 anno
1554 2489 1614 2550 lnoc
1632 2491 1688 2570 jus
1710 2491 1755 2552 ita

160 2643 384 2722 interpretatus
412 2644 472 2715 est,
497 2644 534 2700 ιιι
565 2639 1012 2720 archiepiscopo.coucessum
1039 2645 1133 2716 esset,
1155 2646 1204 2702 tot
1224 2659 1333 2714 numos
1357 2641 1483 2716 cudere,
1513 2644 1687 2721 quotanus
1706 2642 1753 2701 vir

161 2811 231 2852 cnm
254 2809 316 2852 uno
338 2791 481 2872 adjutore
504 2791 658 2852 conticere
689 2795 807 2870 posset,
829 2793 1005 2870 etquidem
1031 2791 1171 2874 ejusdem
1208 2791 1379 2853 soliditatis¹
1402 2787 1585 2873 (etinleilra)‚
1608 2791 1754 2871 ponderis

161 2949 195 3004 et
210 2943 353 3024 puritatis
375 2961 410 3004 ac
437 2943 518 3022 regia
540 2947 663 3002 moneta
683 2940 837 3058 esset††.
901 2941 988 3023 llege
1012 2942 1125 3023 Magno
1145 2941 1227 3003 haud
1253 2943 1306 3004 diu
1328 2949 1436 3023 postea
1457 2948 1579 3005 mortno
1601 2948 1636 3004 et
1657 2943 1754 3006 Erico

160 3094 226 3155 lilia
253 3096 323 3176 ejus
345 3093 481 3155 nondum
511 3093 559 3154 aui
582 3093 665 3174 juria
694 3092 789 3168 iacto,
825 3095 936 3156 summi
968 3095 1057 3174 regni
1089 3093 1355 3154 administratores
1385 3091 1651 3174 archiepiscopum
1679 3097 1753 3176 jure

160 3250 293 3306 monetae
313 3263 392 3305 anno
404 3243 482 3304 1281
498 3243 737 3324 privarunt***.
785 3245 833 3306 Ab
853 3244 914 3306 hoc
927 3249 1067 3326 tempore
1079 3263 1135 3324 per
1157 3245 1219 3306 dno
1234 3243 1348 3306 saecula
1368 3244 1462 3324 hujus
1469 3245 1553 3325 jnrls
1574 3246 1612 3306 als
1633 3245 1753 3308 arelale-

159 3398 289 3476 piscopo
308 3397 448 3476 usurpati
469 3395 553 3456 nulla
573 3396 610 3456 lit
630 3395 758 3471 mentio,
777 3413 959 3475 quamquam
981 3397 1013 3456 in
1032 3396 1132 3457 literis
1152 3395 1294 3476 pluribus
1315 3395 1533 3477 cct'crahnjus
1556 3395 1664 3457 clerici
1680 3398 1753 3478 jura
1842 3483 1845 3494 Ι

192 3766 207 3798 *
228 3766 383 3828 Quanquam
402 3761 444 3816 hic
466 3780 557 3818 numos
578 3767 662 3818 rarior
686 3767 762 3818 certis
786 3767 941 3834 principibus
964 3764 1150 3833 adscripserim,
1168 3765 1302 3832 plerosque
1324 3781 1414 3818 eorum
1434 3772 1519 3819 tannen
1540 3765 1565 3816 in
1581 3763 1752 3830 descriptione

226 3865 291 3918 inira
312 3865 389 3918 allata
405 3869 472 3919 inter
491 3867 609 3919 incertos
622 3868 706 3935 retuli,
724 3868 817 3936 qnippe
834 3871 877 3935 qui
898 3867 1071 3921 definitionem
1090 3882 1172 3920 meam
1188 3869 1272 3934 potius
1290 3867 1475 3937 conjecturam,
1488 3883 1566 3934 qnam
1583 3881 1637 3918 rem
1656 3873 1753 3919 certam

225 3968 315 4023 haberi
332 3970 414 4022 velim.
510 3969 515 3979 “

193 4073 211 4138 's
228 4071 294 4124 Vide
312 4069 462 4124 Thorlelini
481 4071 694 4138 Diplomatarinm
709 4073 981 4139 Ama-Magnmnum,
998 4073 1030 4124 Τ.
1047 4073 1081 4124 11.
1101 4089 1126 4138 p.
1142 4076 1185 4138 2⁰,
1200 4073 1248 4124 snb
1268 4087 1337 4126 anno
1357 4077 1427 4125 inno.
1461 4071 1488 4124 si
1506 4071 1594 4140 litere,
1610 4071 1753 4125 liirteinum

226 4171 444 4240 archiepiscopnm
464 4188 523 4226 cum
540 4172 637 4238 Magno
655 4173 754 4240 Erlingi
774 4175 826 4227 olio
850 4191 911 4241 rege
933 4175 1135 4241 reconciliantes,
1158 4190 1222 4241 quas
1245 4174 1313 4228 idem
1339 4171 1480 4228 Thorkelin
1502 4175 1518 4225 l.
1538 4191 1560 4227 c.
1585 4191 1609 4242 p.
1632 4179 1651 4225 8
1668 4175 1751 4242 affert,

225 4277 343 4340 genuine
360 4281 427 4342 eunt,
446 4273 539 4328 exinde
557 4273 628 4341 quod
649 4277 715 4328 inter
727 4278 788 4345 jnra
804 4279 939 4346 posteriori
957 4291 1074 4330 consessu
1087 4275 1153 4342 juria
1166 4281 1275 4330 monete
1294 4294 1345 4331 non
1363 4277 1392 4328 lit
1409 4279 1514 4344 mentio,
1525 4275 1643 4330 concludi
1661 4282 1754 4344 potest,

226 4391 285 4430 eum
302 4375 353 4430 hoc
369 4378 428 4444 jnre
444 4394 495 4430 non
512 4393 567 4430 esse
583 4395 665 4432 urum.

178 4480 208 4514 *ι
227 4478 327 4533 Ibidem
344 4497 368 4548 p.
387 4485 429 4534 11.

173 4583 210 4650 ††
226 4579 292 4634 lbid.
311 4599 335 4650 p.
353 4586 395 4635 78.

159 4686 203 4721 ”¹⁵
222 4682 290 4738 Vide
312 4684 398 4739 literas
417 4683 525 4739 lirundi
541 4683 652 4755 archiep.
668 4703 736 4740 anno
757 4689 823 4757 ¹⁹9⁰.
840 4684 923 4754 datas,
940 4685 1008 4756 apud
1026 4685 1211 4743 Thorkelinnm
1231 4685 1248 4740 Ι.
1268 4678 1290 4740 ι’.
1307 4670 1335 4755 p.
1357 4688 1405 4740 124
1423 4685 1446 4738 da
1461 4699 1514 4751 ιιι.
