4300 5684
1130 249 1187 328 20

356 467 477 544 integra
497 467 581 537 sunt,
603 461 719 522 trutina
743 460 925 535 examinavi,
949 461 1106 522 imovero
1129 459 1169 521 de
1188 461 1294 522 multis
1316 460 1426 522 decern
1444 459 1494 522 rel
1515 465 1641 522 centum
1660 460 1801 542 exempla
1817 463 1962 544 pependi,

357 623 393 677 nt
413 615 535 696 pondus
557 612 692 674 medium
714 611 833 672 certina
855 613 1386 693 constituerem31rgcutiquoquc
1409 585 1620 673 conditionem
1645 611 1813 674 multorum
1836 635 1855 674 a
1874 613 1962 674 Glan-

357 787 424 842 sen,
441 771 568 847 argento
590 769 622 824 et
642 778 718 824 auro
730 761 930 823 Christiania
952 763 1111 842 probando
1133 763 1295 845 prefecto,
1317 763 1485 824 examinari
1504 763 1598 844 jussi.
1641 763 1669 824 Ε
1691 768 1864 844 conspectu
1887 766 1964 826 inira

356 921 428 981 dato
448 918 616 998 plerosque
636 933 733 974 unum
755 931 855 974 assem
875 915 1075 994 norvegicum
1097 914 1169 996 plns
1197 916 1299 976 minus
1325 912 1429 995 pondo
1456 933 1527 974 esse
1555 920 1588 975 et
1615 917 1735 994 argenti
1756 915 1965 976 conditionem

356 1075 388 1132 in
406 1071 566 1152 plerisque
588 1065 657 1126 fere
680 1064 813 1124 similem
834 1083 905 1125 ease
929 1064 1059 1128 ridebis.
1124 1066 1311 1146 Comparato
1330 1085 1401 1126 cum
1421 1065 1471 1126 his
1495 1065 1585 1126 Sveri
1606 1066 1734 1126 denario
1756 1071 1829 1127 octo
1851 1068 1965 1126 assium

356 1223 478 1305 pondus
499 1220 645 1292 habente,
664 1235 781 1296 pronus
803 1217 866 1277 eris
890 1216 929 1277 ad
950 1218 1152 1293 credendum,
1175 1217 1321 1298 parvulos
1342 1217 1560 1278 boscenumos
1580 1225 1704 1279 oetam
1725 1217 1847 1279 denarii
1862 1221 1963 1299 partes

357 1393 438 1448 esse,
462 1379 495 1434 et
525 1371 594 1431 haec
622 1369 727 1448 opinio
754 1367 843 1428 rulde
866 1369 1044 1430 verisimilis
1074 1374 1139 1444 cst3
1168 1389 1237 1430 nam
1261 1369 1420 1430 denarium
1448 1370 1480 1429 in
1502 1369 1591 1430 binus
1614 1376 1646 1430 et
1671 1377 1837 1450 quaternas
1863 1375 1967 1448 partes

357 1543 464 1587 secare
485 1522 625 1605 jamdiu
647 1519 733 1581 soliti
754 1527 843 1580 erant
866 1521 1001 1601 majores
1022 1520 1168 1595 nostri*;
1188 1540 1282 1600 quum
1304 1521 1401 1600 igitur
1422 1539 1493 1580 eum
1520 1521 1553 1581 in
1574 1528 1679 1602 partes
1702 1521 1803 1583 adbuc
1831 1522 1966 1582 minores

357 1677 546 1740 distribuere
566 1673 814 1746 constituissent,
836 1670 914 1731 nibil
939 1671 1113 1751 simplicius
1133 1671 1232 1732 rideri
1259 1677 1393 1751 poterat,
1416 1689 1507 1750 quam
1531 1677 1671 1750 quartam
1702 1672 1823 1734 denarii
1847 1677 1966 1753 partem

357 1828 529 1890 dimidiare.
593 1823 711 1885 Multos
732 1842 749 1883 a
771 1806 919 1902 ponderis
938 1822 1046 1903 regula
1068 1823 1226 1884 discessus
1251 1823 1301 1882 rel
1329 1824 1405 1884 artis
1434 1822 1574 1884 iniantiae
1596 1823 1645 1883 rel
1667 1823 1799 1884 dirersae
1818 1825 1907 1884 aetati
1926 1825 1967 1884 ita

356 1979 538 2042 adscribere
560 1994 737 2057 possumus,
759 1979 796 2035 ut
816 1975 973 2054 graviores
997 1974 1189 2036 vetustiores
1209 1974 1392 2036 habetatur.
1462 1977 1524 2055 Qui
1547 1975 1680 2041 duorum
1706 1977 1821 2036 assium
1845 1975 1966 2055 pondus

357 2132 483 2204 babent,
505 2134 623 2207 quartae
644 2127 764 2188 denarii
786 2131 904 2206 partes,
923 2133 956 2187 et
975 2128 1144 2208 graviores,
1163 2143 1200 2187 ex
1221 2127 1360 2206 pondere
1381 2129 1399 2209 i
1423 2127 1472 2187 rel
1496 2128 1514 2210 ξ
1537 2127 1608 2187 den.
1630 2126 1730 2187 fuisse
1751 2125 1908 2187 videntur.

436 2365 514 2426 Haec
533 2363 639 2444 opinio
660 2361 764 2434 etiam,
786 2362 1018 2440 comparatione
1041 2381 1111 2422 cunr
1132 2381 1168 2422 re
1185 2363 1356 2422 monetaria
1378 2351 1548 2442 alogiorum
1569 2361 1713 2442 ejusdem
1734 2361 1792 2421 aevi
1813 2360 1966 2432 instituis,

358 2519 569 2580 confirmatur.
638 2512 810 2572 Bractcatis
834 2511 959 2591 quidem
977 2513 1069 2594 Angli
1091 2532 1153 2574 uon
1176 2485 1354 2588 utebantur,
1374 2511 1431 2572 aed
1450 2511 1611 2574 denarium
1631 2513 1663 2573 in
1680 2513 1779 2588 binas,
1801 2518 1966 2592 quaternas

358 2676 391 2730 et
416 2677 544 2729 octonas
571 2669 676 2745 partes
707 2663 945 2725 distribuebant.
1015 2662 1083 2724 cel.
1112 2663 1238 2743 Ruding
1255 2664 1338 2724 enim
1362 2663 1396 2723 in
1423 2661 1605 2743 appendice,
1635 2665 1723 2744 operi
1752 2682 1809 2724 suo
1841 2683 1966 2732 annexa,

358 2823 492 2880 monetae
515 2816 750 2896 appellationes,
781 2833 849 2894 quae
876 2816 909 2876 in
936 2815 1193 2896 Domesdaybook
1216 2813 1326 2897 (opere
1355 2821 1558 2897 conspectum
1586 2814 1775 2894 prediorum
1800 2817 1834 2876 iu
1858 2815 1967 2896 Augila

359 2969 466 3029 seculo
487 2967 651 3028 undecimo
671 2963 848 3047 praebente)
867 2973 1049 3039 occurrunt,
1068 2971 1223 3026 recenset.
1266 2965 1387 3026 Praeter
1408 2966 1568 3026 denarium
1589 2965 1633 3025 ibi
1654 2963 1819 3026 dimidium
1844 2966 1969 3028 denarii

359 3141 384 3182 s.
397 3119 503 3180 obolus
522 3115 616 3201 (zi
634 3114 762 3198 pening)
774 3116 917 3194 sardine,
934 3117 1121 3200 ferdingun
1136 3069 1331 3200 swrdinff
1350 3115 1444 3200 (zi
1456 3118 1580 3196 peniug,
1597 3116 1748 3198 lantbing)
1760 3125 1793 3178 et
1809 3125 1964 3199 postremo

358 3273 484 3332 minuto
505 3270 668 3349 leguntur3
690 3289 781 3349 qnam
803 3269 942 3330 ultimam
961 3270 1199 3350 appellationem
1219 3268 1257 3329 li.
1277 3269 1359 3330 idem
1382 3287 1418 3330 ac
1438 3273 1539 3348 slyen,
1561 3287 1631 3347 quae
1650 3269 1683 3328 in
1704 3268 1772 3329 aliis
1792 3271 1865 3352 eJua
1890 3277 1964 3330 tenr-

359 3425 444 3505 poris
467 3423 614 3502 operibus
634 3422 780 3482 literariis
802 3420 926 3501 legitur,
950 3421 1125 3500 siguificare
1148 3420 1305 3502 censet†;
1328 3427 1361 3482 ct
1381 3420 1454 3482 buic
1476 3421 1676 3502 appellationi
1702 3422 1804 3482 versio
1826 3421 1963 3501 Evange-

359 3577 471 3635 liorum
503 3572 740 3653 anglosaxonica
767 3572 869 3633 lucem
894 3526 1036 3647 aliundit,
1063 3573 1096 3632 in
1124 3573 1223 3634 Marci
1245 3591 1351 3653 evang.
1378 3592 1405 3633 c.
1430 3561 1747 3647 Χ11,ι.42,λεπτά
1776 3561 1831 3635 bu'o
1859 3561 1880 3634 ὅ
1901 3569 1964 3634 ἐστι

360 3715 539 3806 κοδράντης
566 3725 716 3786 reddens:
751 3728 881 3806 ”tregen
914 3729 1029 3804 stycm,
1056 3723 1092 3783 th
1119 3725 1146 3784 is
1180 3724 1333 3805 ieordung
1359 3726 1526 3806 peninges”
1550 3725 1572 3784 i.
1600 3723 1728 3786 eduae
1755 3731 1872 3803 stycaa,
1898 3740 1962 3802 qnae

361 3885 434 3938 sunt
455 3882 564 3956 quarta
587 3877 706 3938 denarii
724 3895 797 3956 pars
816 3895 842 3936 s.
861 3875 1036 3972 ¹quadrans3
1060 3895 1121 3937 una
1142 3882 1231 3956 atyca
1250 3877 1345 3956 igitur
1367 3881 1475 3938 octava
1494 3877 1555 3936 erit
1576 3875 1696 3936 denarii
1715 3894 1798 3956 pars.

392 4356 408 4388 ⁴⁶
426 4353 568 4406 Denarium
585 4354 611 4404 in
633 4355 739 4408 trientes
756 4352 936 4421 distribuendi,
957 4369 1029 4408 more
1053 4354 1235 4408 nonnullomm
1262 4355 1416 4422 populomm
1444 4369 1598 4422 coetorum,
1620 4355 1766 4422 exemplum
1793 4353 1819 4405 in
1837 4349 1962 4415 Nartem

426 4471 479 4508 non
499 4456 567 4508 nori.

392 4561 412 4626 †
430 4559 490 4612 Vol.
506 4559 529 4627 l,
549 4575 574 4627 p.
592 4563 650 4612 303.
1419 4608 1434 4648 a
