4300 5684
1168 349 1252 430 ’14

299 559 302 566 ’
426 568 638 640 recensentur,
663 565 737 644 quio
764 564 856 624 etism
882 565 915 626 in
942 563 1042 626 literis
1070 562 1109 625 de
1134 563 1332 625 successione
1360 564 1443 644 regis
1470 569 1504 626 et
1528 565 1615 646 regni
1645 561 1922 640 administratione,
1942 585 2015 645 qnss

425 717 586 797 llsquinus
605 715 711 796 Msgni
732 715 776 777 iil.
808 734 887 777 auno
911 715 993 778 18⁰2
1020 716 1124 777 Asloae
1155 715 1252 789 dedit,
1272 716 1327 796 jus
1350 719 1494 792 monete,
1522 717 1549 778 si
1578 734 1657 796 opus
1683 721 1780 792 esset,
1809 716 2013 789 ἱιιιιιιιῑιιιιίω,

427 873 518 929 mtatc
543 869 626 948 regis
659 867 794 928 nondum
814 867 915 947 plena,
941 866 1018 928 solis
1037 868 1124 946 regni
1153 866 1463 943 administratoribus,
1496 867 1581 928 nulla
1608 867 1834 948 archiepiscopi
1861 869 2013 928 mentione

424 1019 516 1095 lacu,
535 1020 716 1080 conceditur
727 1019 755 1075 *.
821 1017 1017 1079 christianus
1042 1019 1159 1099 primus
1181 1018 1304 1080 tandem
1329 1019 1363 1079 in
1386 1017 1518 1079 concilio
1543 1017 1690 1080 Sksrensi
1712 1037 1792 1080 auno
1810 1017 1890 1079 1458
1911 1018 2016 1078 bsbitc

425 1172 548 1232 clericis
576 1171 684 1232 eadem
704 1172 789 1252 jura,
813 1189 882 1248 quse
908 1171 940 1230 io
966 1170 1220 1231 reconciliatione
1242 1171 1475 1250 Tuosbergeusi
1499 1187 1593 1249 supra
1615 1175 1784 1232 memorsta
1806 1171 1845 1230 iis
1871 1187 2017 1230 concess-s

425 1326 522 1398 erant,
543 1322 690 1396 reddidit,
715 1327 749 1381 et
767 1339 876 1382 rursus
897 1321 1123 1401 archiepiscopi
1151 1321 1211 1382 boc
1235 1324 1309 1404 jure
1331 1321 1524 1396 fruebantur,
1547 1321 1645 1382 donec
1670 1320 1892 1383 reformatione
1915 1339 2017 1381 sacro-

424 1493 491 1534 rum
509 1475 661 1554 imperata
680 1473 806 1533 ultimus
828 1473 990 1554 Norregiae
1010 1471 1261 1552 archiepiscopus
1283 1491 1410 1553 regnum
1434 1473 1570 1551 reliquit.
1632 1473 1735 1552 Quum
1756 1473 1861 1552 itaque
1876 1474 1933 1553 jus
1954 1489 2018 1532 mo·

424 1629 505 1685 netae
528 1643 590 1685 non
608 1629 679 1685 ante
697 1643 807 1685 annum
826 1624 907 1686 mo
929 1624 1002 1684 buic
1024 1624 1138 1685 clerico
1157 1643 1339 1685 concessum
1361 1622 1460 1685 luisse
1483 1624 1635 1698 rideatur,
1655 1625 1766 1684 mirum
1788 1629 1848 1698 est,
1867 1623 1899 1683 in
1918 1624 2019 1683 numis

423 1776 505 1836 inira
524 1775 700 1855 descriptis,
712 1777 764 1854 qui
785 1780 856 1836 ante
869 1776 930 1835 boc
946 1780 1069 1856 tempus
1090 1781 1183 1836 terroe
1207 1775 1364 1836 commissi
1385 1773 1539 1849 videntur,
1561 1794 1631 1835 ease
1653 1775 1812 1854 quosdam,
1834 1776 1887 1854 qui
1905 1773 2019 1854 pedum

425 1927 601 2007 episcopale
623 1928 662 1988 ob
682 1928 789 1988 oculos
813 1928 928 1987 sistunt
948 1925 986 2008 (l,
1007 1926 1043 1987 C.
1060 1927 1101 1988 F.
1122 1927 1160 1988 N.
1179 1923 1260 2006 2-5,)
1283 1931 1316 1986 et
1338 1927 1390 2007 qui
1411 1926 1620 2006 suspicionem
1641 1925 1713 1988 ideo
1734 1931 1870 2000 movent,
1894 1926 2015 1986 archie-

425 2078 585 2158 piscopum
604 2083 675 2140 ante
689 2079 744 2160 jus
767 2079 826 2140 sibi
849 2097 1041 2154 conoessum,
1060 2097 1134 2160 rege
1161 2079 1258 2139 invito
1284 2078 1366 2138 idem
1396 2078 1455 2138 sibi
1482 2096 1654 2158 arrogasse,
1681 2083 1714 2138 et
1740 2077 1809 2138 brec
1831 2077 1969 2158 suspicio
1987 2076 2019 2135 in

425 2231 622 2310 imperiosum
641 2229 818 2292 Eisteioum
840 2230 933 2292 facile
957 2231 1049 2292 cadit.

848 2445 854 2456 ’
975 2455 1043 2537 §ln
1089 2457 1137 2518 De
1154 2429 1286 2539 argenti
1301 2459 1459 2538 puritate.

501 2610 649 2689 Argento,
671 2627 709 2670 ex
729 2627 789 2688 quo
809 2609 944 2691 majores
965 2610 1066 2672 nostri
1093 2611 1132 2671 ad
1156 2609 1292 2670 medium
1318 2609 1387 2669 iere
1415 2607 1556 2671 seculum
1578 2607 1732 2669 decimum
1754 2608 1882 2668 tertium
1906 2625 2017 2668 numos

421 2759 586 2834 cudebsnt,
606 2779 714 2839 parum
734 2761 826 2821 modo
845 2761 916 2820 ceris
937 2767 1004 2821 erat
1029 2760 1197 2822 admixtum
1206 2759 1240 2839 †.
1303 2759 1422 2822 Multos
1449 2778 1558 2821 numos
1582 2779 1599 2821 a
1623 2761 1690 2821 viro
1718 2760 1816 2841 bujus
1839 2758 1886 2818 rei
1915 2757 2017 2837 perito

364 2992 367 2998 ,
423 2911 589 2974 examinari
607 2913 701 2994 jussi,
719 2913 773 2991 qui
794 2913 912 2992 argenti
940 2912 1149 2974 conditionem
1172 2931 1230 2973 nec
1255 2913 1288 2972 in
1314 2913 1455 2976 omnibns
1483 2911 1616 2974 similem
1643 2930 1701 2972 nec
1726 2908 1815 2970 valde
1836 2908 2017 2970 dissimilem

424 3063 555 3137 iuvenit3
585 3064 618 3124 ln
638 3063 805 3144 plerisque,
830 3069 867 3124 ut
891 3063 973 3126 infra
998 3064 1164 3140 videbitur,
1193 3065 1264 3124 eris
1292 3068 1411 3144 psrtem
1435 3067 1562 3143 agento
1591 3062 1755 3124 admixtam
1781 3079 1843 3122 noa
1869 3062 2018 3143 majorem

424 3233 514 3292 qusm
537 3218 673 3276 octavam
692 3221 725 3276 et
743 3234 805 3276 non
825 3217 974 3277 minorem
995 3235 1085 3295 quam
1109 3215 1257 3277 decimam
1276 3220 1393 3277 sextsm
1414 3233 1486 3275 esse
1505 3214 1633 3275 invenit.
1695 3213 1743 3275 ldx
1761 3213 1850 3275 bisce
1868 3211 2016 3293 periculis

420 3366 509 3445 justa
538 3367 696 3428 mixtionis
723 3367 830 3448 regula
853 3368 977 3448 quidem
1006 3386 1068 3428 non
1090 3369 1221 3442 eruitur,
1248 3368 1303 3428 scd
1331 3367 1436 3447 opinio
1462 3366 1572 3441 oritur,
1601 3365 1738 3446 regulam
1764 3365 1863 3426 luisse
1888 3363 2015 3425 eandem

423 3521 515 3595 atquc
547 3535 625 3592 eam,
652 3537 720 3597 quse
747 3519 856 3580 eodem
882 3522 1022 3598 tempore
1046 3519 1078 3578 in
1101 3518 1210 3598 Anglia
1235 3517 1331 3578 voluit
1359 3523 1392 3576 et
1415 3518 1498 3588 inter
1521 3517 1686 3578 mixtiones
1711 3517 1743 3576 in
1771 3517 1887 3576 nostris
1915 3516 2014 3577 onmis

422 3669 609 3730 examiostas
630 3669 764 3729 medium
785 3669 853 3730 fere
872 3673 968 3730 tenet.
1027 3669 1104 3730 llaec
1124 3668 1241 3749 regula,
1264 3668 1418 3749 Rudingio
1442 3673 1524 3729 teste
1538 3669 1574 3709 **
1605 3668 1765 3748 proecepit,
1786 3665 1856 3726 cxl
1876 3667 2013 3746 partibus

422 3823 540 3901 arpenti
563 3821 606 3882 lX
626 3825 730 3901 partes
752 3821 822 3882 oeris
849 3839 920 3882 csse
946 3819 1167 3882 admiscendas.
1210 3821 1273 3882 Ubi
1294 3822 1331 3882 ab
1349 3820 1408 3880 bac
1426 3818 1533 3899 regula
1552 3817 1734 3892 disceditur,
1754 3815 1837 3896 quod
1860 3816 2013 3878 interdum

421 3973 467 4046 lit,
487 3973 548 4034 boo
567 3973 642 4034 artis
660 3973 800 4033 inisntiae
821 3971 914 4033 iacile
935 3971 1069 4034 adscribi
1088 3977 1205 4052 potest.
1247 3972 1378 4051 Argenti
1398 3989 1472 4031 rero
1494 3969 1714 4043 conditionem,
1735 3973 1884 4048 regnante
1901 3967 2011 4047 Magno

453 4339 467 4365 ⁷*
487 4338 568 4393 Eridu
585 4342 620 4392 ok
639 4339 713 4393 Rikis
731 4341 818 4408 StJ'orn
835 4343 888 4395 siva
907 4343 1042 4395 successio
1066 4343 1152 4410 Regia
1171 4345 1197 4394 et
1220 4341 1303 4408 Regni
1323 4339 1517 4394 Administratio
1536 4369 1569 4380 -
1588 4338 1629 4392 ed.
1647 4341 1679 4392 G.
1697 4339 1718 4390 l.
1738 4336 1888 4405 Tborbelio‚
1913 4337 2010 4392 Hsiniae

488 4449 563 4508 1777,
580 4446 622 4494 bo.
643 4460 666 4509 p.
685 4447 774 4498 23-25.

452 4546 471 4612 †
490 4546 597 4598 Moneta
615 4545 723 4599 llaraldi
739 4545 885 4615 Hardrdde,
903 4553 1027 4614 utsupra
1044 4545 1108 4614 dixi,
1127 4548 1234 4601 sortasse
1249 4544 1400 4613 excipienda
1419 4549 1465 4598 est.

445 4647 473 4675 l*
491 4649 596 4718 Annals,
615 4649 665 4702 vol.
685 4649 705 4702 l.
722 4666 746 4717 p.
767 4653 808 4703 lo.
