4300 5684
1155 277 1207 354 18

373 493 453 553 libra
472 489 590 570 anglica
612 495 707 564 creet,
730 507 797 562 rex,
819 489 885 548 aire
904 491 1042 568 ayetcma
1064 488 1218 568 anglicum
1243 487 1382 548 imitatus
1407 507 1425 548 e
1450 507 1507 548 aua
1528 505 1632 548 marca
1656 505 1818 548 numerum
1838 485 1982 547 denariu-

368 663 443 736 Jum
466 641 614 721 aequalem
633 642 757 721 aignare
778 641 990 717 conutitucrit,
1010 641 1076 700 eive
1097 641 1176 701 ltaui
1197 659 1331 701 marcam
1354 641 1422 724 Jam
1443 640 1476 700 in
1497 639 1561 700 24⁰
1579 638 1718 719 pondera
1737 638 1858 698 minora
1879 637 1981 698 dietri-

375 798 471 856 buere
492 794 577 854 aaliti
602 797 721 867 essent,
747 810 857 852 numus
886 810 960 852 cuca
991 810 1084 871 quam
1115 793 1323 852 antecessoria
1345 791 1377 852 in
1401 791 1510 871 Anglia
1532 792 1624 852 besee
1649 791 1785 850 minure·
1804 789 1981 850 cculeeit*.

375 949 478 1026 Quum
498 948 604 1026 itaque
623 945 729 1025 Magni
747 944 825 1004 lloni
845 944 930 1005 numi
953 943 1055 1004 danici
1080 949 1113 1004 et
1139 949 1316 1003 ceterorum
1337 942 1451 1003 Canuti
1477 943 1510 1003 iu
1538 943 1634 1004 Dacia
1663 946 1696 1001 et
1724 941 1834 1022 Anglia
1856 961 1985 1003 auccee·

375 1118 480 1159 eorum
500 1099 584 1158 numi
605 1097 701 1178 bujue
723 1095 805 1174 regia
828 1112 937 1154 numos
960 1094 1098 1174 pondere
1118 1094 1187 1154 iere
1207 1099 1343 1172 aequent,
1365 1113 1422 1154 nce
1450 1095 1525 1175 jure
1548 1099 1656 1179 nqetro
1684 1093 1874 1155 concludere
1896 1094 1984 1154 ride·

375 1270 454 1326 mur,
481 1249 652 1310 lietaldum
676 1245 840 1308 Hardrdde
867 1246 916 1304 vel
944 1245 1026 1306 idem
1055 1251 1193 1325 ayeteura
1219 1247 1373 1306 imitatum
1403 1263 1474 1306 ecee
1496 1245 1546 1305 vel
1573 1252 1661 1306 tantu
1684 1245 1820 1307 icrtaaae
1849 1245 1984 1306 leviore·

374 1402 498 1462 cudiase
518 1419 640 1474 numae,
662 1403 775 1478 quanto
797 1415 900 1457 marca
918 1398 1083 1477 norvegica
1103 1417 1194 1476 quam
1216 1396 1325 1457 danica
1345 1401 1432 1456 esset
1449 1396 1548 1457 levior
1562 1397 1596 1476 †.

457 1552 612 1631 Quamdiu
630 1554 753 1610 moneta
775 1548 897 1628 pondus
916 1548 1043 1628 plenum
1062 1548 1243 1622 servaverit,
1265 1566 1327 1608 unu
1348 1567 1406 1628 pro
1433 1554 1521 1608 certe
1543 1548 1668 1628 quidem
1693 1555 1765 1610 ante
1789 1549 1987 1610 constituere

375 1707 559 1787 poterimus,
580 1720 670 1781 quam
688 1702 789 1782 major
809 1700 1093 1760 vetustissimorum
1113 1717 1276 1760 numerum
1297 1719 1444 1761 numerus
1464 1705 1609 1780 repertus
1631 1700 1739 1762 fuerit.
1789 1699 1867 1762 Veri
1880 1707 1986 1760 tamen

374 1855 460 1918 baud
481 1853 631 1915 dissimile
651 1859 710 1926 eat,
731 1849 853 1932 pondus
871 1849 939 1910 lere
955 1852 1079 1932 justum
1100 1850 1200 1912 adbuc
1222 1851 1329 1913 seculo
1350 1851 1534 1913 duodecimo
1556 1853 1685 1912 ineunte
1705 1852 1985 1913 servatumluiaec.

375 2008 533 2110 Bracteati
561 2007 643 2066 euim
667 2004 756 2066 Olari
790 2006 823 2062 et
855 2001 980 2082 Sigurdi
1008 2003 1143 2064 liliorum
1172 2003 1279 2086 Magni
1312 2003 1357 2084 (p.
1383 2000 1449 2082 12),
1472 2003 1526 2082 qui
1554 2005 1575 2063 4
1606 2021 1667 2064 aea.
1694 2024 1724 2083 p.
1754 2009 1837 2079 eunt,
1866 2007 1986 2082 quarte

376 2160 496 2221 denarii
516 2163 620 2239 partes
642 2175 714 2217 esee
734 2153 890 2227 videntur,
903 2154 955 2232 qui
972 2155 1078 2235 itaque
1097 2161 1182 2216 totus
1201 2155 1242 2216 16
1260 2175 1333 2231 aee,
1353 2155 1429 2229 aive,
1448 2155 1520 2214 ceria
1540 2153 1667 2215 admixti
1687 2155 1986 2236 ponderededucto,

376 2313 502 2373 circiter
522 2308 563 2371 15
584 2328 644 2370 aea.
664 2329 694 2388 p.
718 2306 861 2366 babebat.
904 2305 1008 2382 Numi,
1026 2307 1079 2386 qui
1098 2307 1118 2367 l.
1136 2326 1164 2368 c.
1182 2312 1365 2386 sequuntur,
1386 2307 1479 2387 paulo
1501 2307 1634 2368 leviores
1647 2314 1730 2384 aunt,
1744 2315 1778 2368 et
1796 2309 1839 2368 ita
1860 2307 1987 2369 facilem

375 2465 413 2526 ad
437 2463 527 2526 Sveri
550 2464 692 2539 tempera
712 2458 877 2518 transitum
899 2463 1018 2538 parant,
1049 2477 1111 2538 quc
1136 2465 1285 2538 regnante
1306 2479 1409 2520 marca
1431 2463 1592 2520 numerata
1617 2457 1658 2540 (a.
1682 2459 1746 2520 240
1767 2457 1904 2542 denarii)
1925 2478 1985 2521 uua

377 2679 630 2696 -ι---

444 2859 492 2896 ora
502 2841 595 2894 danica
609 2846 643 2893 2⁰
658 2838 779 2892 denariae
790 2854 892 2906 equare
906 2837 1009 2905 dIcitur,
1018 2839 1094 2890 ciculi
1108 2841 1184 2892 uncia
1197 2841 1274 2905 Augl,
1283 2844 1319 2892 Ἅι)
1328 2838 1494 2892 denariorum
1503 2838 1604 2907 pondua
1616 2837 1837 2910 (pennyneigbta)
1859 2843 1986 2910 equabat.

443 2947 473 2999 In
497 2945 598 2997 mulctis
620 2941 748 2996 aolvendia
771 2945 798 2994 in
822 2943 916 3007 Anglia
941 2939 1026 2992 adhuc
1051 2957 1138 2994 marca
1166 2947 1196 2996 1³
1214 2940 1254 2995 ab.
1273 2945 1291 2994 4
1308 2943 1334 2994 d.
1354 2947 1410 3012 a}
1434 2942 1522 3009 pound
1546 2943 1662 3009 sterling
1684 2943 1759 2996 velet
1800 2944 1986 3015 Luxdcrphius

444 3047 557 3117 quidem,
574 3075 608 3084 -
625 3044 773 3110 ‚tuledning
793 3060 828 3110 og
852 3045 1010 3110 Veiiiianing
1025 3045 1054 3096 til
1076 3045 1197 3110 Myutena
1218 3045 1375 3111 Beregninffi
1392 3043 1562 3112 lljbbenharn
1586 3050 1660 3100 1765.
1680 3049 1722 3099 40.
1743 3064 1767 3115 p.
1785 3049 1820 3098 25
1839 3076 1873 3087 -
1895 3055 1986 3101 aucte-

445 3154 515 3204 ribua
536 3147 689 3215 quibusdam
712 3149 819 3214 anglicia
841 3148 909 3214 ilaue,
933 3153 1045 3212 quatuor
1065 3149 1154 3200 uncina
1182 3147 1251 3212 angl.
1271 3148 1384 3212 quinque
1409 3148 1460 3199 urie
1486 3145 1593 3215 danicis,
1617 3149 1722 3214 quando
1748 3151 1840 3202 eruin
1865 3152 1986 3218 Angliam

444 3251 593 3306 introductu
612 3256 659 3317 est,
675 3251 785 3317 equales
803 3251 880 3302 iuieae
901 3251 1000 3316 aaacrit,
1018 3250 1063 3302 aed
1084 3257 1232 3318 metuc‚ne
1251 3250 1349 3317 etipse
1368 3257 1395 3302 et
1416 3251 1473 3315 riri,
1492 3248 1525 3301 ad
1546 3267 1612 3317 quoa
1634 3253 1746 3319 ablegat,
1765 3269 1839 3306 oram
1859 3253 1987 3320 pondera-

443 3363 575 3410 tunicum
601 3371 647 3405 ora
668 3352 861 3420 (denariorum)
885 3358 1019 3404 numerata
1040 3351 1210 3404 confuderint.
1260 3353 1420 3418 Argumento
1438 3369 1453 3404 e
1473 3353 1647 3407 Scandinavie
1669 3357 1752 3421 magis
1768 3361 1870 3408 vetusto
1888 3371 1986 3419 carens,

444 3477 459 3513 e
478 3459 558 3510 literis
576 3457 665 3522 Magni
683 3455 753 3508 lirici
771 3457 806 3508 fil.
824 3471 892 3508 auno
915 3459 981 3510 leae
999 3457 1083 3508 delore
1099 3453 1166 3506 datie
1184 3456 1223 3521 (in
1237 3455 1399 3508 Hildebrand
1416 3485 1450 3496 -
1469 3457 1660 3525 Upplyaningar
1683 3458 1711 3510 til
1732 3459 1852 3524 Saetiger
1872 3455 1986 3523 Mynllli-

442 3564 532 3628 sturia,
551 3577 575 3628 p.
592 3564 626 3614 29
642 3575 696 3626 aqu.
715 3562 761 3627 -)
782 3565 963 3625 argumentum
981 3573 1098 3626 promere
1115 3559 1189 3620 licet3
1208 3559 1234 3610 in
1253 3555 1293 3610 hie
1310 3561 1379 3611 enirn
1395 3561 1472 3611 linem
1490 3576 1577 3612 versus
1593 3559 1766 3613 320merche
1784 3568 1865 3614 borae
1885 3563 1983 3630 argenti

442 3664 593 3734 ponderate
613 3681 659 3731 pro
686 3666 752 3716 160³
777 3658 888 3713 marchia
914 3663 1053 3713 numeratis
1077 3677 1136 3712 cum
1162 3677 1213 3713 una
1238 3677 1284 3714 cra
1310 3663 1393 3727 (mon.
1418 3673 1509 3729 avec),
1534 3668 1560 3714 et
1585 3667 1619 3715 bi
1642 3664 1713 3715 librae
1736 3666 1765 3716 14
1783 3666 1859 3717 aelidi
1886 3675 1914 3717 ct
1936 3673 1985 3718 trec

444 3767 543 3820 denarii
559 3767 742 3831 sterlingomm
759 3781 805 3832 pro
825 3769 877 3818 buo
897 3762 1008 3815 marchis
1026 3769 1052 3814 et
1073 3767 1089 3814 6
1109 3765 1161 3816 oria
1182 3781 1240 3817 cum
1259 3763 1366 3818 dimidia
1382 3771 1408 3818 et
1428 3769 1444 3816 6
1464 3764 1576 3819 denariis
1599 3767 1739 3819 arecicauia
1758 3769 1823 3834 (rie)
1844 3769 1984 3836 computati

443 3876 510 3922 aunt.
544 3869 745 3938 comparatione
764 3869 916 3934 instituta,l
940 3866 995 3918 libr.
1012 3867 1081 3918 atcrl.
1098 3881 1156 3920 ¹:
1175 3871 1205 3938 ll
1222 3884 1300 3920 marc.
1320 3885 1387 3921 erec.
1408 3885 1463 3920 esse
1483 3869 1647 3922 inveniemus.

410 3976 425 4004 ¹*
443 3969 582 4024 AEthelredi
609 3987 713 4023 monea
734 3975 769 4024 26
794 3970 847 4022 fere
875 3985 924 4021 aaa.
948 3985 1020 4022 ιιοιι.
1044 3987 1068 4038 p.
1090 3967 1178 4037 babet,
1193 3983 1250 4024 =
1266 3973 1317 4041 ,ᾗ
1333 3972 1390 4024 libr.
1411 3971 1506 4023 Tcwer
1527 3969 1631 4036 might,
1650 3973 1744 4024 Canuti
1771 3979 1803 4026 11
1827 3975 1867 4028 ιεΙ
1887 3978 1920 4026 18
1937 3989 1982 4027 aaa.

444 4074 500 4141 plus
517 4077 608 4126 minue.
649 4073 775 4139 Marcam,
791 4071 908 4125 ducentia
926 4073 1017 4124 saltem
1037 4077 1094 4140 poet
1111 4075 1205 4125 Canuti
1222 4081 1348 4141 tempora,
1367 4075 1393 4126 in
1414 4075 1507 4141 Dauia,
1525 4075 1627 4127 cicutiu
1645 4075 1777 4141 Noruegia
1795 4079 1820 4128 iu
1836 4083 1889 4132 240
1906 4077 1983 4131 deua-

443 4179 495 4230 rioe
512 4173 674 4229 distributum
690 4193 753 4240 ecee,
771 4193 785 4229 e
802 4177 917 4228 versione
934 4176 1013 4228 latina
1033 4176 1096 4242 legia
1114 4176 1239 4245 Scanicae,
1256 4179 1288 4229 ab
1300 4176 1404 4230 Andree
1419 4178 1532 4230 Sunonia
1549 4177 1567 4228 i.
1588 4178 1716 4244 coniecta,
1735 4179 1873 4247 ducenum
1890 4182 1917 4233 in
1935 4181 1982 4236 bac

443 4281 512 4332 enim
530 4279 886 4347 crepenuiugoe(oram
910 4278 1089 4343 denariorum)
1117 4294 1162 4346 per
1189 4281 1334 4345 triginta
1359 4279 1520 4334 denariae
1549 4279 1642 4332 reddit.
1660 4281 1794 4348 V.Legee
1817 4285 1981 4350 provinciale
2076 4319 2079 4328 ‚

443 4387 519 4434 teme
530 4383 638 4448 Scanie,
649 4384 726 4436 latim
738 4381 846 4434 reddite
857 4399 902 4450 per
914 4379 1044 4434 Andream
1055 4382 1169 4433 Sunonia
1180 4383 1196 4433 l.
1210 4381 1259 4434 Ed.
1270 4385 1332 4435 Aru.
1350 4383 1508 4447 Hultleldi03
1524 4383 1626 4436 Hafniae
1640 4389 1712 4452 1590,
1721 4389 1763 4438 40.
1780 4386 1823 4438 lib.
1838 4386 1871 4452 V,
1879 4403 1934 4454 cap.
1943 4389 1980 4439 34.

409 4485 428 4550 †
447 4483 554 4537 Pondus
572 4483 692 4538 danicum
707 4485 762 4552 jam
781 4493 843 4538 tunc
862 4483 985 4552 temporie
1005 4483 1145 4536 colonienai
1162 4484 1239 4538 suinae
1256 4487 1355 4552 equale
1374 4485 1484 4551 ridetur,
1497 4487 1564 4538 sicut
1581 4485 1632 4540 boc
1647 4493 1719 4541 retus
1738 4489 1980 4556 anglicumcuowe

442 4585 553 4656 weigbt)
572 4588 698 4653 equabat.
732 4589 859 4643 Denariua
877 4589 945 4643 enim
961 4585 1065 4652 Canuti,
1082 4587 1134 4655 ,lc
1151 4603 1245 4640 marce
1263 4589 1349 4642 colcu.
1367 4589 1484 4656 proxime
1502 4596 1594 4657 equat.
